4992 6767
767 611 1000 769 ¹on
1156 677 1504 796 noun
1862 696 1996 804 „p

412 910 513 977 rant,
541 888 598 959 lint
621 875 802 963 volatiles,
828 897 888 947 cur
916 877 950 946 in
978 893 1126 961 retorta,
1158 895 1199 948 ex
1222 898 1285 968 qna
1311 896 1395 967 aqua
1417 873 1627 961 destinatur,
1654 878 1751 948 etiarn
1777 898 1846 951 non
1868 883 1940 958 sunt

413 984 580 1064 volatiles?
605 981 627 1053 sr
649 998 729 1051 vero
751 975 822 1047 sunt
849 973 927 1057 fixi,
952 995 1030 1053 cur,
1056 975 1193 1063 quando
1213 975 1351 1066 Spitima
1379 974 1599 1059 destillantur,
1632 978 1734 1045 etiam·
1751 997 1820 1048 non
1845 999 1940 1070 repe·

414 1089 532 1159 riuutut
558 1078 647 1151 lixi?
680 1073 747 1147 Sed
771 1093 888 1164 aquam
918 1070 1057 1141 indurari
1083 1071 1174 1161 polle
1203 1091 1292 1162 patet
1319 1075 1353 1141 in
1386 1071 1592 1142 induratione
1616 1071 1734 1157 calcis,
1761 1093 1836 1163 quae
1861 1096 1940 1148 cum

411 1180 552 1276 quodam
578 1175 727 1267 pondere
750 1172 871 1241 Arenae
896 1164 931 1238 ἃ
954 1171 1115 1257 aquarn
1141 1170 1261 1259 pallam
1277 1169 1403 1239 subacta
1425 1168 1612 1251 induratur,
1638 1165 1673 1239 &
1699 1170 1843 1241 indurata
1855 1173 1940 1258 mui-

410 1298 446 1350 ro
465 1272 681 1368 ponderofior
705 1269 750 1341 est
775 1289 874 1360 quam
895 1265 1025 1357 pondus
1049 1264 1162 1337 Calcis
1182 1263 1217 1336 dr
1241 1269 1360 1336 Arena
1384 1267 1448 1334 fine
1468 1288 1569 1354 aqua:
1594 1267 1681 1338 idern
1704 1270 1822 1358 probat
1843 1266 1939 1360 Gyp-

408 1375 484 1446 strm.
500 1371 671 1444 ustulatum
695 1365 730 1439 61
753 1387 829 1439 curn
854 1384 938 1455 aqua
961 1362 1112 1447 milium,
1139 1364 1230 1453 quod
1253 1362 1358 1432 multo
1389 1364 1601 1451 ponderofius
1621 1384 1756 1435 maneta
1774 1365 1934 1437 Preterea

407 1492 528 1563 aquam
551 1471 585 1540 in
610 1464 878 1559 corpua'lirmum
899 1462 977 1531 verti
990 1459 1112 1531 docent
1135 1482 1251 1531 omnes
1272 1459 1408 1550 planta,
1434 1481 1507 1549 quae
1535 1459 1598 1530 sola
1612 1483 1696 1550 aqua
1713 1465 1840 1534 nutritae
1861 1463 1935 1535 laete

410 1587 562 1642 ctescurn
578 1568 612 1647 in
636 1564 751 1635 solidas
773 1560 918 1641 radices,
943 1555 1033 1626 firma
1054 1555 1152 1636 folia,
1177 1558 1278 1626 duros
1304 1557 1430 1641 caules,
1458 1553 1625 1628 &florem
1652 1558 1796 1647 Boyleus
1822 1560 1934 1633 Salicis

410 1686 536 1738 ramum
555 1666 589 1734 in
606 1661 706 1733 Terra
731 1662 819 1751 prius
840 1661 899 1727 rire
912 1654 1091 1745 ponderata
1112 1656 1287 1746 plantavit,
1312 1653 1427 1744 elapfis
1446 1657 1592 1743 quinque
1613 1657 1705 1725 annis
1730 1679 1837 1729 ramus
1861 1676 1935 1728 eva·

409 1763 448 1835 fit
470 1758 507 1833 nr
540 1760 619 1851 169.
643 1758 762 1829 etiamst
785 1776 868 1826 terra
892 1758 945 1823 vix
970 1751 1099 1840 pondus
1125 1755 1258 1821 duarum
1284 1748 1463 1820 Uneiarum
1489 1750 1684 1840 perdidiliet.
1733 1751 1863 1827 Ellerus
1887 1751 1934 1825 se·

408 1881 485 1932 rnen
511 1858 651 1950 peponis
678 1854 795 1926 iumifit
824 1873 945 1934 terra,
979 1848 1071 1938 hujus
1100 1849 1231 1940 pondus
1254 1845 1314 1917 fuit
1347 1858 1381 1927 flr
1414 1867 1468 1938 15.
1494 1846 1528 1916 ἃ
1556 1851 1724 1919 unciarum
1753 1871 1808 1919 ro.
1834 1850 1936 1923 Terra

408 1958 599 2053 irrigabatur
637 1954 750 2046 aqud:
781 1950 837 2021 sub
863 1949 960 2019 finem
985 1949 1129 2017 autumni
1159 1965 1228 2015 tota
1259 1946 1368 2035 planta
1391 1965 1467 2015 cunr
1494 1944 1623 2015 duobus
1653 1948 1840 2037 peponibur
1873 1946 1935 2019 fuit

404 2105 560 2198 ponderis
584 2096 619 2170 lb
643 2122 701 2195 23,
727 2096 765 2172 dt
788 2092 810 2197 ᾗ
836 2062 930 2219 «γὲ.
956 2091 1074 2164 deinde
1095 2089 1436 2186 planum-conscilium
1453 2089 1639 2177 calceavit,
1666 2091 1855 2179 calcitravit,
1880 2114 1933 2166 re·

404 2254 494 2344 cepit
510 2251 671 2326 Cinctum
688 2248 812 2321 Uncias
826 2248 992 2336 quinque,
1016 2241 1182 2312 drachmas
1205 2239 1304 2321 duas,
1329 2259 1427 2335 grana
1449 2237 1809 2330 duodecino-„pondus
1833 2244 1930 2313 amis-

404 2350 472 2422 sum
496 2369 587 2421 terrae
609 2352 643 2419 in
665 2347 738 2419 vase
765 2344 826 2414 fnit
851 2361 973 2411 tantum
998 2340 1093 2407 unius
1115 2340 1220 2410 uuciae
1247 2337 1353 2431 (a):
1378 2336 1463 2406 adeo
1487 2354 1522 2406 ut
1547 2356 1656 2407 revera
1682 2338 1780 2428 Aqua
1805 2340 1839 2408 in
1855 2360 1930 2410 cor·

402 2468 465 2540 pus
489 2446 617 2516 lirmum
641 2460 859 2513 convertatur.

455 2543 615 2614 Preterea
646 2538 777 2608 Ellerus
807 2537 940 2624 Aquam
964 2532 1130 2605 fontanam
1156 2530 1325 2604 destilluvit
1353 2535 1386 2603 in
1418 2532 1545 2604 balneo·
1568 2535 1709 2622 maria,
1743 2530 1933 2605 destillarem

402 2638 522 2709 infudit
540 2633 656 2724 phialae
670 2635 801 2712 vitrea,
825 2651 923 2717 quarn
939 2630 1115 2698 hermetice
1132 2629 1295 2719 ligillavit,
1320 2630 1555 2717 exposuitque,
1577 2630 1713 2701 durante
1730 2631 1856 2714 aestate,
1881 2652 1932 2702 ra·

406 2736 468 2805 diis
490 2731 602 2811 Solis,
637 2727 739 2815 aqua
769 2719 911 2793 luccellu
935 2723 1090 2810 temporis
1120 2721 1215 2790 erallt
1239 2724 1397 2806 turbida,
1429 2725 1516 2791 leves
1548 2730 1707 2795 contraxit
1738 2727 1933 2815 pelliculas,

403 2827 540 2900 uirides:
564 2822 634 2894 Has
657 2819 824 2912 pelliculas
846 2821 957 2886 exuste
979 2816 1133 2905 separauit
1153 2816 1197 2886 ab
1218 2817 1337 2908 Aqua,
1363 2838 1417 2887 eas
1441 2816 1607 2886 destillant
1632 2869 1643 2903 ‚
1676 2822 1841 2909 acquisrrit
1865 2842 1934 2890 ma.

401 2926 516 2996 retiam
538 2916 809 2991 inflammabilem
844 2911 902 2982 sub
934 2910 1040 2983 forma
1069 2910 1136 2981 olei
1164 2914 1397 2994 munerantis,
1423 2909 1457 2981 dr
1483 2912 1612 2981 acidum
1636 2912 1812 2985 universale
1837 2914 1932 3008 (b).

399 3019 524 3092 Verum
547 3013 813 3087 accuratilsrmum
840 3029 977 3079 examen
1006 3005 1085 3076 fecit
1113 3009 1256 3077 eximior
1286 3007 1504 3103 Marggrafius
1539 3007 1637 3100 (c),
1663 3013 1718 3098 qui
1743 3009 1825 3080 ultra
1850 3033 1933 3100 qua.

399 3116 557 3212 dragelies
578 3112 715 3184 eandem
739 3127 855 3198 aquarn
879 3104 1065 3194 destillans,
1099 3104 1283 3174 vehementi
1310 3102 1384 3173 usus
1414 3104 1606 3173 ebullitione
1629 3106 1663 3174 in
1687 3104 1812 3175 calente
1838 3105 1931 3178 sabu-

400 3214 454 3301 lo,
479 3233 549 3283 earn
571 3208 732 3282 turbidam
755 3206 857 3300 magis
882 3203 1050 3297 magisque
1075 3198 1142 3269 fieri
1163 3200 1415 3283 animadvertit,
1448 3195 1579 3270 &vitri
1603 3200 1780 3291 parietibus
1812 3220 1932 3276 terram

400 3308 596 3403 apposuisse:
622 3308 691 3380 imo
713 3300 748 3374 &
772 3303 880 3372 radios
904 3298 990 3369 Solis
1017 3301 1051 3366 in
1073 3296 1205 3387 Aquam
1229 3296 1288 3366 sub
1321 3296 1428 3387 ampla
1451 3298 1552 3367 vitrea
1575 3318 1734 3387 campana
1764 3298 1926 3387 diredlos,

399 3407 662 3501 evaporationem
682 3397 854 3481 suscitasse,
882 3394 1045 3486 superstite
1076 3414 1169 3464 terra.
1221 3391 1324 3464 Terta
1344 3413 1503 3485 prognata
1525 3413 1567 3463 ex
1582 3397 1679 3485 Aqua
1701 3392 1747 3465 est
1769 3394 1926 3485 candida,

399 3504 590 3597 splendens,
615 3496 853 3571 &admodum
879 3492 975 3564 levis:
1000 3490 1145 3581 expolita
1167 3487 1444 3560 vehementillimo
1469 3492 1538 3583 igni
1567 3488 1657 3561 hotae
1681 3488 1810 3580 spatio,
1834 3513 1928 3566 man-

398 3603 437 3672 dt
459 3605 641 3680 inmutata,
666 3592 720 3663 sed
743 3592 884 3681 aliquam
907 3589 1065 3682 jacturam
1092 3584 1195 3675 palla:
1227 3582 1312 3653 Haec
1341 3604 1422 3653 tetra
1455 3584 1545 3655 mista
1581 3607 1656 3656 cum
1681 3586 1775 3655 acido
1802 3588 1931 3661 nitroso

397 3697 602 3786 efferuescit,
628 3691 778 3773 solvitur3
804 3683 922 3756 deinde
944 3680 1128 3752 edulcorata
1150 3677 1185 3749 dt
1202 3679 1290 3750 horis
1306 3679 1432 3770 aliquot
1443 3679 1718 3752 vehementilirmo
1733 3684 1801 3779 igni
1824 3705 1928 3778 expo·

398 3797 456 3867 fita
482 3814 551 3865 non
573 3787 730 3862 funditon
778 3782 832 3855 Ex
856 3780 944 3851 hisce
970 3778 1099 3849 abunde
1121 3775 1245 3848 constat
1271 3778 1402 3867 Aquam
1426 3779 1460 3848 in
1486 3798 1603 3849 terram
1627 3780 1719 3852 verti.

447 3951 478 4049 q.
504 3935 1000 4022 MCCCCLXXXVIIL
1024 3935 1155 4026 Aquam
1176 3932 1307 4005 Oceani
1328 3934 1480 4025 quolibet
1499 3959 1587 4010 anno
1606 3939 1640 4010 in
1662 3936 1797 4013 Terram
1823 3944 1925 4031 verti,

397 4051 573 4144 quantitate
594 4045 716 4125 minui,
742 4034 782 4110 δι
802 4059 843 4109 ex
868 4057 952 4127 aqua
976 4034 1200 4104 continentem
1231 4035 1438 4114 increscere,
1472 4055 1512 4102 ex
1543 4035 1659 4107 littoris
1686 4036 1842 4110 Bothnici
1865 4060 1924 4111 au·

398 4165 549 4245 gesceure
573 4140 767 4223 altitudinea
787 4156 829 4207 ex
858 4129 980 4204 recellit
1003 4132 1096 4199 matis
1119 4150 1138 4197 a
1164 4131 1322 4199 maenibus
1350 4126 1513 4213 Holmiae3
1546 4151 1587 4199 ex
1612 4132 1745 4219 rupibus
1770 4156 1857 4206 nunc
1879 4155 1925 4206 ex

398 4249 476 4316 mari
498 4240 745 4321 emittentibus,
781 4254 857 4324 quae
879 4230 958 4300 olim
982 4227 1154 4308 latebant,
1194 4224 1328 4295 ailerere
1350 4226 1449 4297 annisr
1477 4225 1608 4298 fuerunt
1629 4225 1756 4299 Cellius
1780 4227 1815 4300 dr
1841 4229 1922 4302 Liu-

399 4363 487 4416 1111
518 4337 633 4434 (ὃ).
673 4332 803 4405 Verum
829 4329 896 4400 hoc
925 4324 1101 4397 altitudinis
1139 4324 1376 4394 incrementum
1408 4324 1484 4396 oriri
1514 4326 1651 4418 potuit,
1694 4325 1773 4418 quia
1802 4325 1925 4399 ostium
2075 4359 2085 4368 ·

468 4653 483 4715 l
490 4649 527 4728 1)
544 4647 656 4710 L'Hlll.
680 4647 716 4707 de
737 4642 850 4707 l'llcad.
872 4641 909 4702 d'e
930 4637 1028 4700 Berlin
1051 4639 1105 4701 Δο.
1128 4638 1301 4714 1746117.
1322 4652 1373 4711 45'·

467 4729 526 4800 (l)
546 4727 656 4786 L'Hirl.
678 4725 714 4784 de
736 4722 849 4785 l’Acad.
871 4722 908 4782 de
929 4720 1029 4780 Berlin
1051 4720 1105 4780 Δο.
1131 4731 1218 4791 ¹15³·
1240 4732 1296 4795 pag
1326 4735 1375 4791 17.

464 4808 524 4881 (1)
544 4803 651 4863 L'Hill.
673 4802 709 4862 de
729 4802 842 4863 l'rlcad.
863 4801 900 4860 de
921 4798 1022 4860 Berlin
1045 4798 1096 4857 Αο.
1119 4804 1204 4871 1756.
1225 4813 1291 4872 pag.
1316 4812 1366 4857 20·-

463 4885 524 4964 (d)
544 4885 576 4942 11
604 4882 687 4942 orat
724 4880 760 4941 de
788 4884 971 4945 iuuentute
990 4873 1144 4942 Tellurir:
1165 4874 1374 4954 Bibliotheque
1401 4870 1567 4943 Minoae·
1587 4871 1642 4944 Aa.
1665 4884 1751 4950 1747.
1781 4879 1856 4951 para
1877 4880 1912 4932 ι

529 4978 597 5042 ra·
619 4966 671 5026 σα

1191 5062 1259 5166 Ge
1280 5085 1341 5166 aa
