4992 6767
683 667 724 754 -S
753 661 904 760 ΝΕ
954 669 1090 764 ,Μ
1139 671 1423 767 'VENT
1450 675 1539 767 IS.
1775 679 1891 793 r'tar'¹

354 876 418 948 bus
430 880 641 952 succurrunt,
676 885 746 957 quo
770 861 877 938 morlo
907 864 1097 940 mortalibus
1120 872 1253 967 egregie
1282 872 1315 942 in
1340 871 1486 964 plurimis
1508 871 1731 946 sectionibus
1757 875 1870 964 opitu·
2025 850 2028 854 ’

357 972 490 1042 lentur-r
524 983 600 1035 nam
624 961 721 1034 radiis
742 963 859 1048 Solis,
889 984 946 1035 aut
974 966 1016 1036 ab
1043 966 1122 1062 igne
1150 967 1290 1040 terreslri
1314 969 1469 1042 humores
1492 973 1641 1064 corporis
1665 970 1761 1041 nimis
1785 968 1874 1042 lente

358 1065 620 1149 absumerentur,
640 1062 698 1152 qui
715 1081 809 1134 nunc
833 1059 1002 1148 celerrime
1019 1083 1039 1132 a
1060 1083 1161 1142 rento
1177 1064 1352 1138 iocentur:
1377 1070 1435 1158 qul
1455 1071 1543 1141 venti
1563 1065 1686 1140 humidi
1710 1065 1801 1152 sunt,
1824 1072 1874 1138 uti

359 1161 531 1255 Zephyrus
554 1153 591 1231 ht
613 1157 763 1245 Africus,
788 1177 831 1230 ex
852 1177 980 1230 oceano
1006 1153 1235 1251 &paludibus
1263 1164 1360 1236 nobis
1386 1163 1589 1253 -aivenent,
1619 1183 1777 1256 vaporum
1804 1162 1876 1256 ple·

361 1264 419 1347 nis
457 1259 492 1330 hi
514 1256 723 1352 ,pedetentim
750 1256 884 1354 irrigant
903 1255 1092 1360 alienu,
1121 1277 1296 1352 penetrant
1316 1281 1458 1352 sapores
1482 1261 1577 1334 afflati
1607 1265 1641 1334 in
1670 1281 1772 1354 poros
1802 1281 1878 1358 corf

360 1377 498 1450 pamm,
523 1354 642 1448 plantis
664 1355 898 1426 nutrimentum
920 1352 1110 1444 advehunt,
1133 1377 1197 1428 nec
1220 1356 1255 1428 hi
1278 1356 1416 1430 utilitate
1439 1358 1664 1432 destituuntur.

404 1461 469 1548 5⁰.
492 1451 593 1524 Venti
614 1449 718 1525 nubes
738 1471 783 1522 est
808 1451 983 1544 vaporibus
1007 1456 1130 1526 metui
1153 1452 1308 1528 formatas
1338 1476 1398 1547 per
1425 1459 1537 1530 esrem
1567 1458 1608 1528 ad
1635 1454 1795 1548 quaslibet
1816 1471 1877 1526 ‘ae-

359 1553 478 1648 giones
502 1546 671 1663 deserunt,
692 1569 731 1621 ut
748 1549 874 1620 imbres
895 1551 990 1621 terris
1009 1547 1273 1637 subministrent,
1297 1555 1416 1644 quibus
1436 1575 1552 1626 omnes
1570 1553 1691 1645 plantae
1710 1573 1877 1635 eructant,

350 1642 964 1830 nnn
1128 1747 1514 1839 n

349 1846 394 1915 *ri
414 1843 518 1915 modo
539 1840 759 1913 exhalationes
775 1887 791 1926 ,
807 1857 905 1932 ”quas
928 1829 1097 1930 exspiravit
1119 1851 1229 1925 tenu,
1261 1842 1384 1914 vehunt
1409 1843 1451 1914 ad
1475 1845 1576 1915 surim
1598 1844 1780 1938 regiones,
1812 1846 1885 1933 qtsi·

350 1935 429 2011 'bus
460 1942 516 2010 nir
544 1941 691 2030 impurus
714 1953 972 2020 -atrenuncatur,
997 1930 1034 2007 ἃ
1066 1957 1132 2022 ea,
1164 1957 1240 2028 qun
1272 1938 1315 2008 ad
1345 1958 1386 2009 ve
1461 1941 1584 2010 tionem
1616 1938 1773 2008 laetiorem
1803 1959 1886 2009 con·

355 2035 450 2108 'serre
481 2035 604 2204 aligauid
629 2031 791 2127 possunt,
821 2053 893 2106 non
917 2035 953 2106 in
976 2053 1046 2106 uno
1079 2052 1202 2106 tanturn
1229 2051 1368 2107 manunt
1406 2055 1500 2123 oco,
1538 2033 1593 2106 sed
1621 2032 1767 2127 pluribus
1802 2033 1885 2106 hunt

357 2174 362 2186 ι
412 2156 444 2203 m
503 2156 524 2204 n
556 2182 566 2203 .

366 2153 411 2206 co
419 2156 478 2302 61?
481 2155 610 2300 uDetlit
637 2221 737 2299 Deus
758 2243 875 2295 ventos
901 2221 959 2292 ad'
974 2219 1127 2294 ulteriora
1155 2216 1349 2309 'noscendat
1374 2214 1486 2296 'uiuet
1510 2227 1599 2295 enirn
1629 2228 1812 2316 imperinnn
1834 2229 1886 2298 A·

359 2326 494 2410 nimai,
528 2319 566 2394 δι
599 2322 666 2391 line
696 2338 816 2414 magna
846 2319 1047 2408 experientia
1079 2341 1186 2392 rerum
1214 2318 1361 2406 Homo,
1401 2322 1423 2392 si
1456 2321 1770 2394 circumscriberetur
1800 2342 1890 2394 nata·

369 2424 411 2496 lis
437 2420 496 2492 soli
520 2417 613 2488 linet
643 2414 735 2488 dedit
756 2416 853 2512 igltur
875 2411 975 2500 Deus¹
988 2435 1139 2504 uentos,
1161 2435 1206 2487 ut
1238 2418 1439 2512 navigiorum
1470 2417 1614 2488 curibus
1645 2417 1888 2511 suppeditaren-

367 2542 420 2595 tur
444 2533 562 2589 omnes
584 2511 729 2606 undique
750 2511 794 2583 ad
823 2512 923 2584 vitam
950 2513 1090 2606 copie,
1120 2511 1335 2605 plurimisque
1357 2513 1529 2586 maritimis
1560 2514 1657 2586 rebus
1687 2514 1889 2606 stueremurt

370 2637 407 2690 ut
427 2609 577 2688 universo
589 2611 710 2779 generi
731 2606 876 2684 humano
898 2629 951 2680 rea
964 2609 1208 2702 pulcerrime,
1235 2614 1276 2682 in
1308 2609 1524 2684 remotissimis
1554 2629 1639 2682 nate
1664 2614 1890 2710 tegoribus,

370 2727 564 2788 communes
614 2725 728 2796 euentu
751 2723 790 2780 ut
812 2705 966 2780 omnihus
981 2709 1072 2780 -snter
1096 2707 1127 2777 se
1154 2705 1287 2797 populis
1304 2711 1543 2780 commercium
1567 2703 1678 2792 soret,
1711 2725 1780 2802 quo
1804 2723 1889 2824 ¹·gen

371 2833 421 2884 tes
442 2803 603 2898 dilliprms
626 2803 904 2890 locis‘mitceret,
927 2806 1093 2896 usquein
1122 2800 1329 2874 liberalislimi
1350 2801 1542 2876 Conditotis
1566 2805 1737 2894 potentia,
1758 2803 1890 2896 spreti·⁴

372 2911 436 2992 tia,
462 2901 684 2977 munificentia
706 2899 936 2974 innotesceret.
981 2987 985 2994 ¹

420 3013 474 3099 7⁰.
496 2997 597 3072 Venti
620 2999 734 3092 aquas
758 2995 915 3085 Oceani,
947 2995 1132 3090 paludum,
1154 2989 1312 3084 lacuum,
1337 2985 1530 3079 fluminum,
1546 2991 1707 3068 vsosiarntn
1731 3015 1887 3089 movent,

368 3125 412 3180 ne
433 3096 611 3196 stagnantia
632 3093 839 3185 pntses'cants
872 3099 1134 3188 quotiesounque
1155 3096 1243 3165 enim
1265 3095 1300 3164 in
1324 3091 1419 3188 plaga
1446 3087 1594 3178 Oceani,
1626 3091 1678 3164 rel
1701 3092 1790 3164 lactis
1809 3091 1888 3166 ‹llu-

367 3219 471 3275 tumae
492 3192 701 3292 regnaverint
721 3189 886 3272 malacin,
904 3207 1002 3281 aquae
1024 3207 1161 3279 propter
1181 3209 1232 3258 res
1257 3186 1476 3260 diversantem
1500 3209 1540 3260 ex
1562 3209 1669 3287 regno
1693 3189 1888 3286 vegetabili,

366 3292 523 3379 animali,
547 3309 646 3384 quam
668 3283 764 3360 bilin
782 3283 954 3373 admistas,
976 3284 1187 3377 putrescunt,
1220 3281 1362 3368 foetent,
1387 3280 1422 3356 ἃ
1446 3289 1582 3360 morbos
1611 3288 1790 3372 excitant„
1806 3286 1891 3379 saepe

366 3390 546 3560 adinsrotlum
575 3383 767 3481 malignos,
800 3385 859 3475 qui
872 3382 1003 3456 oborto
1025 3402 1165 3471 uento,
1196 3381 1282 3474 aqut
1300 3383 1422 3469 moti,
1455 3381 1573 3456 soetore
1596 3382 1721 3457 subiato
1737 3427 1750 3468 ,
1769 3380 1892 3476 sponte

421 3588 472 3658 8⁹.
497 3579 647 3655 Follibns
670 3589 805 3650 ventum
829 3577 1012 3648 erciumus
1030 3574 1076 3647 ad
1100 3577 1209 3674 ignem
1234 3579 1451 3675 augendum-3
1482 3577 1524 3648 ed
1549 3575 1706 3649 inllandas
1733 3575 1890 3673 Orgeno-

368 3705 450 3859 ιι
472 3667 1760 3867 ansianum
1778 3677 1894 3841 is

371 3883 467 3956 vibus
489 3872 532 3945 th
554 3863 751 3942 mbeunbus
778 3863 983 3954 hominnm,
1008 3867 1203 3950 mercium,
1233 3869 1490 3953 alimentorum,
1525 3889 1544 3938 ι
1572 3865 1715 3960 pulveris
1731 3863 1821 3958 'pyrii
1844 3865 1897 3937 su·

372 3999 431 4052 mo
454 3971 688 4064 inquinatum,
715 3980 898 4058 purgaturus
917 3981 960 4033 ex
987 3963 1122 4034 invento
1149 3960 1296 4036 Halesi:
1328 3984 1366 4037 ut
1396 3965 1510 4040 sanitas
1536 3961 1571 4037 δι
1594 3966 1692 4060 vigor
1724 3983 1894 4036 nouarum

375 4071 592 4148 conservetur.

426 4177 480 4263 9⁰.
501 4163 688 4236 uentorum
712 4181 780 4257 ope
802 4147 972 4231 Maelinae
996 4156 1143 4249 plurime
1161 4157 1353 4231 moventur:
1378 4157 1475 4232 molae
1501 4157 1719 4250 alistotisqne
1732 4149 1894 4230 lnsttuliae
2042 4130 2044 4133 ’

366 4271 565 4368 anginam,
596 4261 716 4353 quibus
736 4281 780 4334 ex
799 4258 898 4330 terris
921 4253 1099 4325 humilibus
1127 4275 1183 4325 aut
1211 4256 1374 4326 inundatis
1405 4255 1570 4326 haurimus
1592 4256 1735 4345 Aquas,
1778 4267 1816 4326 'ut
1840 4253 1899 4325 stc·

369 4385 517 4446 ¹centur,
535 4359 664 4432 *iccata
678 4356 789 4430 ‘sesam
814 4370 971 4452 grassem
1006 4352 1167 4434 cerealia,
1191 4352 1333 4423 stulius:
1369 4352 1468 4423 molis
1495 4351 1638 4423 secamus
1661 4354 1750 4448 ligni
1774 4354 1809 4424 in
1831 4350 1899 4422 sor·

370 4483 468 4539 mam
492 4455 629 4528 trabium
648 4449 686 4524 bt
706 4453 867 4539 assernmt
890 4449 1033 4523 summm
1055 4470 1216 4520 marmora
1240 4452 1274 4521 in
1298 4447 1444 4534 crullas3
1478 4447 1619 4520 radimus
1637 4445 1730 4544 ligna
1754 4447 1898 4520 colorata

379 4568 418 4636 in
446 4553 613 4652 pulverem
633 4554 669 4622 in
688 4549 780 4624 usum
801 4547 1024 4622 Tirenum:
1050 4565 1257 4618 attenuemus
1284 4543 1381 4617 molis
1413 4545 1611 4637 plumbum,
1641 4559 1680 4618 ut
1703 4559 1747 4618 eo
1765 4548 1803 4619 'in
1827 4545 1902 4637 pul·

374 4676 493 4734 ¹asserem
510 4665 650 4722 tenuem
672 4645 768 4720 friato
789 4643 825 4720 bt
849 4666 925 4720 cnm
949 4663 1033 4718 terra
1053 4642 1179 4729 misto,
1208 4635 1279 4713 vasa
1299 4655 1427 4714 terrena
1449 4641 1644 4716 extrinsecus
1676 4647 1759 4714 uitro
1790 4643 1899 4713 obdu·

380 4773 508 4830 canmr·
558 4745 666 4820 Molis
684 4743 768 4819 fullo
792 4766 921 4838 pannos
948 4742 1062 4817 laneos
1084 4741 1197 4814 densat
1212 4760 1393 4837 purgatque
1410 4761 1428 4810 a
1446 4739 1617 4813 sordibus:
1640 4739 1737 4812 molis
1752 4759 1902 4813 commo·

383 4855 483 4928 limus
502 4844 640 4922 cunia
661 4847 697 4922 ln
716 4841 872 4920 setinum
905 4840 1001 4918 molis
1032 4860 1074 4913 ert
1109 4839 1282 4911 seminibus
1315 4836 1484 4913 tundendo
1517 4837 1703 4936 colligimus
1727 4837 1800 4910 olea
1822 4834 1900 4916 lini,

1118 4934 1188 5011 Dd
1211 4935 1265 5010 dd
1288 4934 1388 5010 ddd
1809 4947 1901 5018 rapt·
2019 4932 2021 4936 '
