4992 6767
516 630 617 776 ‘urs
654 660 1013 761 comonruus
1052 661 1267 755 Lucam
1303 666 1650 769 annuamus.
1778 699 1859 818 ⁶9,

330 890 375 960 ris
394 884 526 982 gradum
549 877 720 958 venerint,
744 893 812 943 non
831 868 913 939 ultra
938 865 1206 962 progrediantur,
1232 869 1353 939 ctiamli
1378 871 1420 940 ab
1445 893 1581 945 externo
1596 880 1711 972 majori
1728 884 1854 963 lumine

330 986 531 1078 attingantur.
582 974 713 1044 Omnes
734 968 938 1041 Adamanres
962 965 1082 1036 coloris
1104 961 1182 1036 flavi
1207 964 1333 1056 semper
1357 967 1464 1040 lucem
1490 972 1575 1044 Solis
1600 978 1789 1068 absorbent,
1817 984 1853 1057 dt

330 1080 525 1153 intenebris
550 1076 683 1145 nitent:
714 1066 839 1137 Verum
864 1061 1102 1134 Adamantibus
1123 1064 1261 1134 aliorum
1282 1064 1432 1136 colorum
1458 1072 1570 1141 miram
1595 1072 1725 1148 lucendi
1750 1086 1852 1153 varie·

331 1196 425 1252 ratem
447 1172 546 1246 incise
569 1171 612 1243 ab
634 1164 835 1257 experientia
858 1160 1044 1230 didicerunt
1069 1156 1175 1248 Fayus
1197 1161 1297 1254 (a),
1321 1160 1438 1234 Bofius
1462 1163 1553 1261 (b),
1578 1168 1791 1274 Beccarius(
1823 1184 1856 1270 ).

384 1300 416 1401 §.
448 1295 645 1376 MDCXC.
677 1294 806 1364 Lucem
825 1289 1006 1363 aversantur
1025 1287 1186 1401 Metalla,
1209 1288 1433 1381 Cinnabaris,
1458 1294 1626 1386 Zincum,
1652 1303 1852 1401 llllarcastrae,

328 1400 493 1498 Gagares,
519 1396 727 1477 Lithantrax,
751 1410 852 1461 omne
876 1408 978 1483 genus
1000 1384 1194 1468 Bitumrnrs,
1220 1385 1417 1458 l’erroleum.

377 1524 411 1613 ς.
436 1515 645 1593 llllDCXCI.
671 1512 709 1583 ln
732 1531 835 1606 regno
855 1508 1027 1604 vegetabili
1048 1507 1155 1578 lucem
1179 1528 1292 1597 porat,
1316 1512 1463 1601 nitetque
1488 1517 1595 1588 omnis
1617 1542 1690 1611 pars
1705 1523 1849 1613 Planrae,

327 1619 432 1693 modo
452 1619 549 1689 suerit
576 1617 690 1686 liccara
712 1613 745 1679 in
767 1610 883 1692 A'e're,
916 1606 967 1675 vel
994 1607 1084 1696 prius
1105 1605 1283 1688 calesaeln,
1315 1625 1351 1675 ut
1374 1612 1483 1679 omnis
1506 1613 1624 1685 humor
1649 1622 1851 1719 expellatur,

327 1720 384 1810 qui
408 1716 473 1787 luci
496 1713 616 1795 obest,
642 1728 704 1779 nec
727 1704 850 1787 refert,
873 1704 939 1773 five
960 1701 1056 1773 fuerit
1080 1701 1219 1783 Radix,
1246 1703 1382 1784 Cauiis,
1411 1704 1570 1794 Cortex,
1594 1712 1758 1803 Folium,
1783 1722 1849 1813 (in

326 1816 440 1907 primis
465 1814 487 1884 sr
510 1810 606 1880 luerit
628 1802 824 1886 incanum)
845 1798 983 1884 Nuces,
1009 1798 1159 1883 Semina,
1185 1798 1355 1890 Cerealia,
1381 1802 1629 1897 Amygdalum,
1655 1813 1844 1905 castaneae,

326 1908 530 2007 Legumina,
556 1899 720 1984 Phaseoli,
747 1897 901 1981 Ciceres,
926 1894 1077 1980 Nuclei,
1093 1896 1240 1979 Farinae,
1265 1897 1445 1983 Amylunr,
1471 1899 1588 1989 Panis,
1606 1908 1757 1997 Semina,
1775 1915 1849 1986 Co-

326 2002 658 2092 toneum,·Linteum
683 1997 745 2067 five
770 2015 810 2065 ex
832 1992 939 2079 Lino,
965 1994 1027 2065 live
1050 2015 1092 2063 ex
1116 1993 1305 2076 Cannabe,
1332 1994 1478 2064 Charra:
1504 2018 1571 2070 tum
1594 2003 1678 2075 lucei
1707 2007 1848 2103 Vegeta·

325 2103 459 2187 biham,
485 2104 529 2172 uti
554 2100 748 2176 saccatum,
773 2090 927 2180 Manna,
952 2090 1027 2162 Mel
1051 2090 1127 2184 gelu
1151 2090 1381 2161 constriciurn:
1408 2092 1519 2165 Omne
1546 2094 1711 2187 Gummi,
1737 2106 1845 2194 Cera,

324 2200 409 2272 Cera
432 2200 526 2289 alba,
552 2195 694 2282 Rehna,
721 2188 806 2259 Olea
825 2187 969 2279 exprella
988 2186 1023 2258 dt
1045 2186 1220 2271 destillare,
1245 2188 1299 2257 sed
1321 2187 1437 2274 hyeme
1464 2213 1483 2259 a
1507 2191 1626 2287 frigore
1652 2201 1844 2292 tonstrina,

322 2296 494 2380 Tartarus,
518 2294 703 2365 Plantarum
718 2286 878 2367 Cineres,
903 2284 1067 2364 Corellia,
1093 2283 1326 2371 Madreporae,
1353 2282 1457 2377 Ligna
1475 2299 1712 2374 putrescentia:
1735 2300 1769 2368 Sl
1786 2324 1843 2372 aa»

321 2413 387 2479 terp
409 2413 556 2484 tempore
578 2390 754 2459 humorem
775 2381 944 2464 biberint,
970 2401 1040 2450 non
1063 2378 1201 2469 amplius
1226 2377 1298 2448 stant
1321 2378 1541 2470 phosphore,
1571 2388 1627 2457 nih
1653 2390 1764 2464 denuo
1788 2397 1847 2468 lic·

318 2511 445 2562 centur.

370 2608 403 2703 §.
427 2602 656 2679 MDCXCll.
680 2595 734 2668 Ex
756 2616 860 2695 regno
882 2598 1053 2692 vegetabili
1075 2620 1142 2669 non
1166 2602 1247 2670 niter
1271 2602 1305 2670 in
1332 2603 1475 2674 tenebris*
1496 2603 1754 2685 Benzoinum&
1776 2613 1843 2689 Te·

323 2702 507 2776 rebinthina
534 2699 667 2791 liquida.
1479 2729 1483 2734 ·
1787 2691 1820 2728 ⁹

383 2827 417 2918 ς.
452 2820 695 2897 MDCXClll.
730 2818 768 2889 ln
801 2816 924 2913 Regno
957 2817 1104 2889 Animali'
1128 2819 1236 2889 lucem
1268 2821 1384 2891 bibunt
1415 2819 1450 2893 dt
1480 2829 1514 2897 in
1547 2831 1688 2902 tenebris
1719 2833 1847 2931 fulgent

322 2921 582 3020 Quadrupedum
600 2914 750 3011 ungula,
777 2914 874 2996 Olla,
902 2916 1058 2995 Cornua,
1084 2914 1145 2983 Pili
1154 2935 1167 2981 ε·
1190 2915 1371 2988 Volucrum
1394 2941 1532 3009 pennae,
1559 2925 1678 3013 rostra,
1700 2952 1843 3026 ungues:

320 3018 521 3111 Aquatilium
537 3015 743 3105 Squammae,
764 3010 1028 3098 conchyliorum
1046 3010 1149 3094 testae,
1176 3010 1334 3098 solenes,
1360 3012 1491 3086 Pinnae:
1516 3019 1648 3092 Extima
1674 3030 1756 3097 cutis
1780 3029 1846 3099 Be·

321 3117 447 3189 luarum
469 3111 504 3184 dt
528 3108 736 3181 volatilium:
764 3106 1024 3199 Quadrupedum
1047 3108 1135 3174 coria
1157 3110 1298 3177 recentia
1323 3107 1358 3179 dc
1384 3133 1576 3203 praeparata:
1603 3115 1773 3212 Quicquid
1798 3126 1846 3196 est

320 3215 602 3285 membranaceum
625 3202 863 3275 &neruosumt
889 3200 1039 3270 Decotra
1063 3200 1208 3284 Ollium,
1234 3201 1417 3292 D'entium,
1444 3210 1638 3298 Comuum,
1663 3215 1741 3307 Jura
1759 3219 1844 3292 Car·

321 3314 409 3383 nium
436 3307 620 3400 inspillata:
654 3300 795 3371 Vitellus
817 3298 882 3369 Ovi
910 3299 1064 3368 hecatus:
1100 3297 1249 3384 Caseus,
1288 3301 1402 3372 Serum
1435 3304 1594 3402 sanguinis
1625 3333 1848 3406 concretum,

321 3408 492 3503 Sanguinis
515 3396 641 3484 crusta,
666 3399 792 3467 Carnes
815 3396 957 3465 srecarae:
983 3394 1083 3464 Oculi
1108 3394 1341 3482 Cancrorum,
1367 3400 1514 3486 Bezoar,
1541 3404 1668 3477 Calculi
1693 3431 1734 3479 ex
1758 3416 1845 3485 reni.

321 3508 383 3576 bus
410 3501 590 3580 da-vesrca,
615 3496 721 3566 Testae
742 3514 910 3577 ovorum,
935 3490 1054 3581 Lapilli
1076 3512 1119 3560 ex
1140 3496 1247 3584 capite
1269 3497 1434 3582 piscium:
1460 3497 1586 3570 llllanus
1608 3506 1673 3577 viui
1698 3506 1841 3583 hominis

323 3622 474 3692 ternpore
500 3595 640 3685 hyemali
662 3589 697 3661 dt
718 3589 859 3683 gelante.
1456 3617 1460 3626 ·

371 3725 403 3818 h.
429 3716 672 3792 lillllCXClV.
698 3713 865 3809 Quoniam
891 3712 1061 3785 moderato
1085 3718 1162 3811 igne
1186 3716 1337 3788 calefalla
1356 3739 1517 3811 corpora,
1542 3721 1661 3795 deinde
1685 3726 1772 3800 Luci
1786 3753 1843 3802 ex-

319 3824 446 3914 polita,
472 3820 586 3889 clarius
610 3818 713 3885 nitent
734 3833 830 3901 quant
853 3809 983 3904 frigida:
1006 3816 1061 3881 An
1089 3813 1154 3881 hoc
1178 3833 1245 3882 non
1272 3813 1335 3897 fir,
1361 3820 1437 3904 quia
1461 3839 1501 3888 ex
1526 3825 1743 3912 corporibus,
1768 3851 1841 3918 quae

319 3919 490 3998 calefiunt,
517 3916 651 3991 humor,
677 3910 742 3979 luci
763 3906 920 3989 infensus,
946 3908 1137 3997 expellitur?
1162 3906 1196 3978 δι
1220 3931 1261 3978 arr
1286 3932 1353 3981 non
1377 3915 1460 4006 ignis
1484 3917 1516 3985 in
1543 3923 1736 4009 corporibus
1759 3926 1841 3995 deli·

321 4036 447 4085 tescens
473 4014 490 4080 ai
510 4011 582 4079 luce
603 4012 711 4078 denuo
735 4008 891 4097 agitatur,
917 4003 1014 4074 veluti
1034 4004 1101 4095 ipse
1118 4004 1247 4076 vicilhm
1264 4007 1374 4075 lucem·
1386 4011 1596 4083 accedentem
1609 4020 1729 4111 agitat,
1755 4022 1838 4094 adeo

321 4134 357 4181 ut
382 4113 478 4180 ambo
499 4108 530 4176 se
552 4123 724 4184 moveant,
748 4120 847 4190 arque
871 4121 913 4170 eo
942 4102 1044 4170 modo
1067 4105 1208 4170 nitorem
1231 4104 1387 4192 majorem
1412 4103 1574 4175 efficiant?

371 4234 402 4332 ς.
436 4228 661 4301 thCXCV.
694 4225 769 4294 Alia
801 4220 953 4293 calefacta
980 4224 1131 4292 dicuntur
1162 4244 1229 4292 non
1262 4224 1335 4312 plus
1360 4227 1461 4296 nitere
1485 4244 1582 4316 quam
1608 4228 1735 4325 frigida.
1784 4234 1838 4304 An

318 4335 383 4404 boc
406 4354 473 4401 non
495 4330 557 4409 fit,
584 4331 658 4417 quia
680 4326 758 4393 dum
781 4320 1045 4403 incalescebant,
1070 4321 1153 4412 ignis
1176 4340 1326 4411 magnam
1351 4343 1473 4411 partem
1499 4324 1580 4393 lucis
1609 4328 1762 4417 pepulit,
1788 4329 1837 4399 su·

299 4429 506 4521 perditem,
533 4426 608 4496 licet
631 4440 790 4512 paucam,
815 4416 1037 4487 vehementius
1052 4435 1182 4495 movet,
1204 4416 1289 4485 adeo
1315 4439 1350 4487 ut
1366 4418 1436 4488 haec
1451 4443 1540 4491 mota
1565 4420 1620 4494 lux
1644 4427 1715 4516 pari
1739 4423 1833 4496 clari·

320 4546 385 4597 tate
408 4524 529 4620 fulgeat
539 4572 556 4607 ,
576 4541 673 4612 quam
698 4514 883 4606 copiosior,
909 4535 983 4603 qua
1008 4513 1054 4586 est
1079 4515 1113 4585 in
1137 4532 1229 4604 parte
1252 4517 1402 4607 corporis
1425 4517 1566 4615 frigida?

1534 4614 1570 4715 §-
1593 4617 1837 4711 MDcxcul.

389 4796 449 4872 (a)
470 4795 636 4853 L’Hilloire
651 4796 686 4854 dc
702 4795 812 4855 l'llcad.
837 4800 912 4870 Roy.
936 4797 990 4854 Aa.
1008 4807 1093 4868 ηις.

389 4877 449 4948 (l)
471 4876 538 4931 Von
556 4874 619 4929 dem
636 4875 767 4934 leuchtcn
782 4880 833 4933 der
845 4876 1020 4945 Diamarrren
1041 4892 1106 4951 pag.
1125 4889 1177 4935 aa..
1448 4931 1451 4936 .

384 4955 445 5036 (r)
469 4955 667 5080 (ζοιιιιιιειιιιι.
688 4956 804 5036 Bonos.
826 4952 894 5022 Vol.
911 4967 939 5072 a.
961 4953 1050 5054 Tou.
1067 4952 1143 5060 ndu
1165 4949 1330 5130 3111thae
1351 4958 1418 5056 pag.
1436 4970 1507 5066 1055
