4992 6767
788 705 848 799 o
926 707 968 799 a
1056 715 1130 800 =s
1216 717 1256 805 o
1340 665 1529 802 rto.
1834 719 1919 833 ως

396 909 633 992 Numeroliore
653 904 837 1004 mealia
859 925 960 978 voces
981 927 1115 1000 quoque
1128 911 1346 1004 multiplicant
1367 915 1449 983 muri
1471 907 1614 1002 paralleli
1628 906 1782 994 desint,
1808 919 1923 1003 quales

398 1013 528 1088 suerunt
549 1007 636 1079 villae
660 1009 879 1093 simonetta,
912 1005 1061 1096 descripti
1086 1027 1107 1077 a
1129 1006 1310 1100 Kirchem,
1344 1009 1504 1093 schotto,
1529 1006 1696 1092 Miliotm,
1722 1011 1754 1079 in
1780 1032 1922 1099 quorum

400 1129 469 1183 uno
503 1107 637 1178 dabatur
659 1103 821 1190 sepellre,
852 1102 931 1175 huic
964 1103 1104 1195 loquens
1134 1127 1231 1200 caput
1256 1110 1479 1196 immittebat,
1508 1109 1605 1182 verba
1628 1107 1851 1202 quadragesies
1872 1130 1922 1179 re·

398 1210 564 1298 tiptocata
590 1203 766 1274 auditurus.

456 1363 488 1461 s.
514 1317 744 1468 marcelli.
776 1359 866 1461 Quia
888 1384 996 1439 autem
1022 1362 1130 1435 Sonus
1152 1369 1186 1437 in
1211 1364 1270 1437 suo
1295 1367 1430 1440 decursu
1450 1366 1608 1459 eliaeque
1630 1368 1754 1446 velox,
1789 1365 1928 1458 aequaiiat

400 1482 561 1632 {muz
561 1459 747 1631 13ξὶῖένέἒῖ
749 1464 839 1630 ¹inter
856 1462 994 1560 fingulas
1011 1462 1223 1552 repetitiones
1241 1466 1467 1553 intercedunt,
1493 1467 1541 1538 uti
1565 1465 1607 1537 de
1629 1462 1750 1550 haia,
1779 1458 1816 1536 dt
1836 1462 1924 1536 Der·

450 1716 481 1814 ς.
507 1715 754 1791 MMCCLlil.
780 1712 948 1815 Quicquid
974 1716 1101 1818 §onum
1116 1718 1158 1791 ad
1172 1719 1306 1805 locum,
1331 1720 1419 1790 unde
1441 1723 1551 1806 venit,
1577 1738 1785 1813 repercutere
1801 1720 1932 1814 potest,

401 1815 494 1888 causa
512 1817 618 1905 potest
643 1815 708 1887 elie
732 1814 848 1887 Echo:
871 1816 994 1889 idcirco
1021 1820 1124 1903 muri,
1150 1820 1270 1889 moenia
1293 1816 1421 1886 urbium
1441 1819 1594 1907 antiqua,
1622 1816 1715 1905 sylvae
1735 1819 1862 1904 densae,
1887 1842 1931 1891 ae·

404 1915 484 1999 des,
502 1917 661 1985 montium
679 1913 803 1997 flexus,
822 1913 992 2003 crebrique
1006 1917 1163 1997 vertices,
1189 1935 1287 2004 rupes
1304 1910 1527 1982 transflumen
1544 1913 1680 2002 pofitae,
1703 1920 1809 2005 campi
1826 1917 1932 2006 cespi-

405 2012 512 2093 tibus,
532 2031 571 2081 ac
584 2010 728 2104 virgultis
742 2013 939 2100 exasperati,
967 2008 1038 2080 saxa
1053 2029 1153 2094 cava,
1171 2004 1206 2079 dt
1221 2006 1443 2090 ansmsluosa,
1468 2027 1536 2077 tum
1555 2005 1590 2076 dt
1606 2009 1711 2076 nubea
1728 2011 1841 2079 sonum
1859 2011 1934 2080 red·

405 2107 513 2176 duntr
544 2107 620 2175 hinc
647 2111 824 2177 tonitruum
846 2107 1011 2202 mugitus,
1039 2102 1236 2195 &repetita
1265 2124 1460 2187 murmura;
1486 2103 1575 2173 coeio
1603 2102 1717 2171 sereno
1739 2105 1935 2193 explodatur

402 2220 623 2282 tormentum.
650 2206 745 2276 unius
767 2208 928 2278 momenti
952 2202 1061 2276 Sonus
1086 2199 1140 2271 lit:
1165 2203 1199 2270 in
1224 2199 1302 2271 aete
1321 2197 1486 2287 pendeant
1507 2199 1634 2282 nubea,
1658 2196 1727 2267 soni
1749 2199 1936 2288 aliquomo-

398 2295 444 2367 do
469 2298 780 2387 multiplicabuntur.

456 2450 492 2541 3.
530 2447 779 2523 MMCCLIV.
805 2448 918 2522 Potest
940 2446 1046 2520 Sonus
1061 2449 1259 2536 conservari,
1285 2449 1522 2542 impediendo,
1549 2451 1724 2543 quominus
1746 2450 1883 2524 multum
1900 2453 1935 2525 ill

402 2548 580 2621 rotundum
594 2549 795 2638 explicetur,
820 2547 874 2617 sed
887 2547 994 2618 adhuc
1009 2546 1125 2617 densus
1142 2549 1361 2620 reverberetur
1375 2551 1492 2620 crebro
1512 2551 1636 2620 inlota
1656 2547 1779 2634 disits,
1805 2551 1838 2619 id
1859 2549 1936 2634 stet,
2061 2561 2067 2570 '

405 2644 431 2713 fi
455 2646 561 2728 tubis,
584 2644 635 2714 vei
658 2645 714 2714 ion
741 2648 765 2713 's
790 2643 956 2715 canalibus
969 2642 1173 2729 infundatur,
1197 2665 1372 2733 aquotum
1389 2648 1566 2735 parietibus
1582 2646 1745 2727 redditur,
1770 2666 1807 2716 ut
1832 2646 1938 2717 illiba·

394 2747 460 2810 'tus
481 2744 523 2809 ab
547 2763 618 2812 uno
638 2666 758 2812 canaffs
780 2761 928 2811 extremo
953 2742 992 2809 ad
1018 2741 1153 2811 altemm
1178 2744 1369 2828 perveniat:
1405 2747 1460 2828 qui
1482 2743 1673 2812 extremitati
1702 2763 1795 2831 aquae
1819 2743 1935 2812 dusius

408 2835 557 2907 Romani
583 2856 676 2928 500,
708 2837 759 2910 vei
784 2839 869 2909 600.
893 2838 994 2928 pedes
1011 2838 1102 2933 longi
1121 2836 1243 2914 adstat,
1270 2837 1501 2928 loquiturque,
1526 2837 1651 2919 audiri,
1676 2853 1776 2925 atque
1797 2839 1934 2929 intelligi

405 2935 441 3004 in
457 2934 556 3001 altera
572 2935 773 3004 extremitate
787 2932 918 3024 poteli,
932 2932 1121 3003 observante
1138 2929 1313 3003 Kirchero.
1338 2932 1416 3023 Ope
1432 2929 1596 3021 ejusmodi
1608 2929 1788 3015 canalium,
1815 2930 1939 3000 etiarnsi

405 3027 631 3111 inflexorum,
657 3026 753 3098 sonus
775 3029 817 3095 ad
840 3049 1072 3118 quemcunque
1086 3028 1198 3098 locun
1213 3029 1308 3123 dirigi
1324 3028 1439 3117 potest.
1492 3030 1601 3097 Sonus
1616 3027 1699 3097 lucis
1722 3029 1817 3098 instar
1841 3024 1942 3096 resul0

394 3124 507 3198 'tando
529 3126 626 3195 etiam
651 3124 815 3219 colligitur
839 3127 872 3192 in
898 3126 1018 3216 exiguo
1053 3121 1160 3204 loco,
1193 3127 1250 3211 qui
1276 3124 1364 3209 quast
1388 3122 1457 3212 ejus
1478 3120 1573 3192 focus
1595 3121 1672 3207 οὓς
1706 3125 1805 3193 veluti
1829 3120 1941 3191 obser·

404 3241 499 3294 vatur
528 3226 562 3292 in
587 3220 751 3294 nonnuliis
773 3222 937 3304 cameris,
970 3239 1107 3309 quatum
1130 3218 1266 3289 lacunar
1284 3217 1331 3287 est
1350 3216 1458 3287 fornix
1482 3219 1653 3308 elliptica,
1686 3222 1720 3287 in
1745 3219 1836 3310 cujus
1859 3218 1943 3286 alte·

405 3338 446 3394 to
464 3317 542 3389 soto
557 3319 608 3403 ,li
631 3324 704 3410 quis
725 3317 901 3389 consistens
924 3313 1070 3386 submisse
1095 3314 1270 3405 loquitur,
1302 3316 1336 3384 in
1366 3313 1467 3384 altero
1489 3311 1573 3386 foco
1598 3312 1851 3384 clareauditur.

452 3414 560 3487 Tube
588 3436 723 3506 quoque
745 3409 993 3496 coniiciuntur,
1026 3434 1101 3500 quae
1123 3433 1163 3483 ex
1188 3411 1257 3481 lato
1280 3432 1338 3480 ore
1364 3412 1434 3482 ΑΛ
1466 3413 1500 3480 in
1524 3411 1693 3506 angustum
1716 3411 1862 3501 oanaletn
1886 3411 1944 3496 Β,

407 3516 475 3585 auti
493 3512 722 3589 inserendum,
745 3507 912 3576 defluunt:
939 3504 1035 3571 sonus
1047 3524 1086 3569 os
1104 3507 1198 3573 latius
1218 3507 1290 3572 ΑΑ
1306 3505 1482 3599 ingrellus,
1507 3506 1746 3594 replicatusque
1762 3508 1937 3596 aliquoties

408 3628 429 3676 a
454 3605 560 3674 Tubae
586 3605 739 3674 lateribus
765 3602 808 3669 ad
830 3598 942 3667 locum
968 3597 1139 3692 angelium
1165 3598 1214 3678 B,
1240 3599 1326 3686 quad
1352 3598 1596 3680 condensatur,
1632 3599 1698 3689 jam
1723 3603 1937 3674 condensatus

412 3706 515 3773 auritn
541 3698 746 3795 ingreditur,
779 3697 998 3765 membranam
1024 3693 1187 3783 Tympani
1211 3693 1486 3766 vehemennffine
1509 3696 1675 3766 concutite
1700 3695 1785 3765 idem
1808 3701 1935 3775 evenit,
1978 3700 2043 3755 Tib

412 3798 547 3890 quando
563 3798 666 3867 autim
681 3791 854 3889 angustiori
879 3790 984 3860 Tubae
1007 3790 1187 3861 Stentoreae
1212 3790 1343 3860 orilicio
1366 3796 1398 3859 A
1422 3790 1656 3872 admovemus,
1680 3790 1827 3863 latiorem
1844 3815 1932 3885 aper·
1945 3771 2092 3897 ἕνῇ...

412 3916 516 3965 turam
540 3894 721 3964 advenienti
743 3889 835 3960 Sono
853 3891 1085 3957 obvertentese
1110 3885 1177 3958 boc
1193 3886 1298 3957 modo
1314 3887 1505 3958 auxiliamur
1523 3884 1708 3974 surdastris,
1731 3889 1839 3961 veluti:
1853 3889 1933 3962 sen'r

409 3993 472 4062 bus
497 3989 574 4078 pers
589 3987 695 4058 icillis.

468 4013 766 4157 LocopTubarum
794 4082 846 4151 alii
872 4083 933 4153 alia
956 4083 1164 4156 instmmenta
1190 4082 1446 4169 substituerunt,
1480 4105 1553 4173 quaa
1578 4087 1755 4157 commode
1779 4085 1896 4180 gestari
1915 4111 1937 4153 a

410 4183 604 4265 Surdaslris,
628 4201 683 4250 aut
707 4178 844 4250 Tabula
859 4178 1029 4265 infiliunt,
1066 4181 1172 4272 qualia
1197 4201 1264 4275 ope
1281 4180 1476 4275 Figuratum
1503 4181 1735 4270 repraesentavi.

459 4341 490 4440 s.
515 4333 747 4413 MMCCLV.
773 4333 883 4408 Potell
899 4338 996 4407 etiam
1023 4336 1131 4408 Sonus
1155 4339 1278 4422 minui,
1304 4332 1453 4430 &quali
1476 4331 1644 4422 suffocati,
1671 4358 1746 4428 eum
1769 4335 1802 4409 in
1816 4360 1936 4428 corpo·

410 4464 447 4513 ra
477 4440 625 4518 laxiora,
656 4438 762 4506 minus
785 4433 941 4515 elaliica,
976 4455 1096 4525 asperae
1120 4431 1321 4524 superficiei,
1347 4457 1422 4506 eum
1454 4435 1621 4506 reddendo
1636 4438 1778 4529 -inepta,
1804 4438 1935 4507 incidit:

412 4539 491 4607 hinc
513 4555 577 4603 vox
598 4536 778 4622 perorantis
800 4532 977 4602 admodum
999 4531 1192 4602 obtunditur
1216 4534 1249 4600 in
1267 4552 1413 4617 camera,
1439 4532 1530 4624 cujus
1555 4531 1691 4625 parietes
1716 4533 1875 4623 tapetibus
1892 4533 1936 4605 la·

414 4637 467 4706 xis
491 4631 594 4700 omati
621 4627 707 4699 sunt:
731 4646 786 4698 aut
806 4651 882 4699 cum
907 4626 1115 4710 infrequenti
1138 4631 1302 4699 concione
1325 4652 1343 4700 a
1366 4627 1572 4701 multitudine
1596 4617 1778 4700 audito'tutn
1801 4648 1935 4723 propter

416 4732 550 4801 crebros
575 4725 699 4802 hiatus,
723 4724 920 4816 vestiumque
940 4724 1120 4808 laxitatem,
1147 4724 1243 4796 sonus
1270 4732 1427 4797 continuo
1443 4727 1653 4817 intercipitur.

467 4826 593 4893 Sonum
618 4823 748 4910 penitus
771 4818 919 4892 suffocavi
944 4819 1085 4909 sequenti
1111 4823 1245 4892 modo:
1275 4824 1313 4895 stt
1337 4825 1577 4914 horologium,
1602 4825 1692 4912 quod
1722 4826 1778 4894 diu
1800 4825 1932 4917 agitari,

417 4920 556 5021 pulsan,
584 4913 621 4989 ds
641 4915 754 4991 sonare
780 4918 907 5010 potest,
931 4917 1253 5091 Exmvgq‘adlprium
1277 4924 1385 4994 vocari
1410 4921 1510 4995 solete
1535 4922 1661 5014 pulsata·
1676 4920 1745 5012 ejus
1760 4924 1794 4990 in
1808 4920 1884 4987 loco
1901 4936 1942 4983 a,

1167 5019 1187 5090 b
1215 5020 1267 5090 bb
1292 5021 1349 5092 bb¹
1372 5037 1392 5113 3
1858 5028 1942 5102 pem
