4992 6767
566 673 1629 809 nenotenarsr'oners
1754 735 1863 841 toa,

326 910 485 995 sedenti
517 895 595 984 cuni
617 907 741 982 fulmen
764 889 962 1004 pleramque·
984 905 1059 980 loca
1075 907 1196 998 'edira,
1230 934 1305 986 raro
1336 911 1471 990 humilia
1503 915 1608 1004 ferit,
1639 922 1739 994 ratius
1770 925 1859 1000 sein

331 1035 448 1092 termtn
473 1009 626 1082 infundit.
677 1006 758 1079 ldeo
781 1004 999 1098 Imperatores
1021 1005 1222 1100 Japonenfes
1252 1011 1284 1084 fe
1305 1009 1362 1085 sub
1385 1013 1536 1107 piscina,
1571 1038 1639 1090 non
1666 1019 1776 1105 male,
1802 1024 1861 1093 ab.

330 1112 515 1188 scandunt:
541 1128 585 1179 eo
608 1103 829 1200 praejudicio,
853 1101 998 1176 fulminis
1020 1107 1130 1201 ignem
1153 1109 1195 1180 ab
1220 1131 1304 1202 aqua
1329 1114 1507 1186 extinfiutn
1528 1116 1568 1187 iri
1594 1114 1674 1211 (a).
1708 1111 1779 1215 Qui
1801 1139 1859 1190 au·

331 1234 399 1286 tent
421 1205 610 1302 tempestate
647 1203 804 1276 fulminea
826 1201 967 1276 vestibus
991 1207 1114 1277 tantum
1135 1205 1229 1280 lineis
1250 1209 1411 1298 indutus,
1442 1233 1499 1284 aut
1521 1233 1654 1286 omarus
1677 1214 1724 1285 est
1745 1237 1860 1314 argen-

332 1314 419 1395 teis,
445 1307 622 1391 inauratis,
642 1303 773 1374 cinfius
795 1300 938 1399 gladio,
976 1300 1083 1375 multo
1105 1303 1217 1397 majori
1238 1305 1389 1399 periculo
1413 1307 1559 1382 fulminei
1582 1314 1664 1384 iiius
1685 1313 1733 1385 est
1755 1335 1857 1408 expo-

331 1410 433 1493 situs,
459 1425 556 1500 quam
574 1404 631 1496 qui
652 1399 758 1473 modo
776 1399 911 1473 indutus
931 1398 978 1471 est
995 1399 1122 1487 laneis,
1137 1422 1192 1473 aut
1208 1424 1248 1476 ex
1272 1406 1374 1476 fetico
1398 1408 1565 1502 coeruleo,
1586 1409 1795 1484 eleetncitate
1819 1412 1860 1484 li.

331 1508 470 1577 betrime
500 1505 534 1574 in
552 1498 681 1573 metalla
699 1497 890 1571 involant:
915 1495 1075 1571 'difficilius
1097 1501 1130 1570 in
1154 1495 1288 1589 lanam,
1328 1521 1384 1574 tut
1411 1504 1546 1577 sericum
1569 1507 1748 1579 coeruleum
1764 1549 1794 1596 ,-

331 1601 481 1675 nerofum
504 1601 581 1673 ideo
601 1597 812 1670 eleeiricum:
845 1595 899 1666 sed
922 1596 965 1667 de
984 1596 1161 1669 avertendo
1183 1598 1320 1672 fulmine
1344 1601 1448 1675 [latim
1472 1603 1645 1677 difleramr
1680 1605 1854 1699 dubitans,

334 1725 376 1774 an
401 1699 524 1792 aliquid
545 1699 587 1770 iit
609 1718 629 1768 a
652 1693 790 1767 flumine
818 1712 937 1770 tutum.
1515 1729 1519 1746 t

380 1846 412 1946 l.
439 1838 733 1918 MMDXXXIX.
757 1836 943 1936 Quomodo
969 1862 1010 1912 ex
1033 1837 1100 1913 viso
1130 1837 1197 1912 fine
1219 1838 1366 1912 fulminis
1385 1841 1653 1933 crispisulcanris,
1680 1842 1861 1937 &tempo-

334 1968 369 2019 re
408 1949 490 2017 inter
516 1945 638 2016 tonitru
672 1938 853 2024 auditum,
894 1958 1018 2029 quanto
1057 1936 1226 2011 intervallo
1258 1960 1277 2009 a
1319 1937 1397 2011 loco
1436 1939 1558 2029 explosi
1590 1940 1735 2012 fulminis
1771 1943 1863 2014 abfu-

335 2067 408 2115 mus
440 2095 452 2128 ,
498 2036 656 2136 cognosci
690 2033 839 2128 pottsti
897 2033 987 2132 Quia
1012 2035 1153 2109 vidimus
1195 2034 1314 2128 supra,
1358 2035 1564 2110 velocitatem
1590 2038 1658 2109 soni
1703 2039 1737 2109 in
1784 2059 1859 2129 per·

334 2139 496 2214 currendo
518 2136 622 2227 spatio
648 2154 719 2204 eant
744 2129 838 2216 effe,
863 2154 900 2205 ut
930 2156 1023 2203 1100
1048 2133 1149 2220 pedes
1172 2152 1323 2224 tempore
1349 2138 1443 2206 unius
1466 2137 1581 2208 minuti
1607 2134 1737 2208 sectandi
1758 2134 1864 2207 abfol·

334 2260 386 2309 vat
407 2260 415 2304 :
438 2235 583 2330 frigitur
607 2233 692 2301 inter
714 2228 814 2297 finem
836 2226 1002 2318 conspedii
1024 2227 1168 2298 fulminis
1198 2223 1233 2296 δι
1257 2229 1401 2299 auditum
1422 2233 1547 2301 tonitru
1570 2251 1701 2324 tempus
1734 2232 1759 2304 6
1781 2237 1862 2304 min.

334 2337 395 2407 fec.
421 2328 624 2410 intercedat,
652 2325 745 2394 locus
769 2325 903 2394 tonitrui
930 2324 1027 2395 6600
1051 2323 1153 2416 pedes
1175 2325 1297 2395 aberit:
1324 2322 1359 2397 δι
1383 2327 1531 2399 distantia
1558 2326 1684 2420 semper
1708 2330 1792 2413 erit,
1815 2331 1863 2399 ud

339 2454 431 2504 1100
456 2426 558 2518 pedes
584 2419 789 2512 multiplicati
812 2422 844 2491 in
870 2442 1040 2493 numerum
1065 2420 1307 2493 secundorum:
1345 2423 1474 2494 fimulac
1500 2427 1598 2521 igitur
1620 2425 1750 2497 auditur
1774 2428 1862 2497 toni·

334 2552 386 2602 tru
417 2547 492 2598 curn
517 2522 650 2593 finiente
672 2517 841 2601 fulmine,
864 2518 910 2590 est
935 2523 1055 2592 tonitru
1080 2522 1266 2612 proximum
1296 2518 1331 2593 δι
1361 2519 1577 2614 periculosum
1603 2524 1759 2595 audienti.
1811 2521 1866 2594 ln·

336 2625 463 2697 tendum
487 2621 608 2702 evenit,
630 2635 666 2689 ut
683 2612 789 2686 subito
813 2619 934 2689 emicet
955 2617 1077 2691 fulmen
1107 2620 1140 2688 in
1166 2616 1243 2690 loco
1270 2670 1283 2706 ,
1323 2622 1356 2691 in
1383 2640 1454 2711 quo
1474 2619 1588 2691 finiille
1608 2620 1864 2706 observabatur,

334 2744 403 2795 tum
427 2720 550 2791 fulmen
565 2715 617 2811 ,ibi
632 2734 752 2787 novam
768 2714 1010 2785 eleilticitutem
1034 2713 1205 2785 offendens
1232 2716 1396 2800 ostendit,
1420 2717 1540 2788 coelum
1558 2739 1600 2788 eo
1631 2738 1779 2809 tempore
1799 2715 1866 2789 elle

333 2818 549 2891 eleiiricitatis
578 2811 750 2906 pletum,
787 2830 923 2907 tumque
946 2811 1027 2886 solet
1058 2809 1122 2885 effe
1143 2831 1213 2884 non
1246 2835 1361 2908 parum
1385 2815 1628 2901 aerumnosum,
1659 2818 1754 2887 editis
1785 2816 1865 2888 hinc

334 2918 411 2989 inde
435 2913 603 2987 incendiis.
1105 2938 1110 2948 ·

384 3050 417 3141 5.
443 3042 645 3120 MMDXL.
678 3040 792 3136 Qutta
815 3048 938 3119 tonum
961 3043 1173 3118 vehementer
1195 3047 1365 3137 mugiente
1389 3065 1512 3114 tremor
1529 3045 1638 3132 sdes,
1665 3043 1700 3118 dt
1724 3045 1865 3139 plurima

335 3167 475 3239 corpora
500 3138 693 3237 pertentati
727 3139 804 3230 quia
828 3136 926 3209 sonus
948 3143 1060 3209 omnia
1084 3156 1255 3229 corpora,
1298 3158 1372 3229 quae
1397 3138 1543 3230 perculla
1566 3137 1677 3211 forent
1699 3144 1863 3224 unisona,

334 3247 446 3318 autin
476 3240 614 3333 quadam
637 3238 780 3320 ofiava,
813 3234 865 3308 vel
891 3237 925 3306 in
947 3235 1077 3318 ltertia,
1109 3235 1143 3304 in
1170 3254 1328 3306 tremores
1354 3237 1440 3322 ciet,
1466 3236 1542 3307 ideo
1571 3257 1639 3308 non
1675 3259 1867 3330 omuespa3

332 3364 397 3416 nes
417 3340 560 3421 edium,
585 3334 719 3430 quando
745 3354 865 3421 tonat,
889 3332 1171 3418 contremiscunt,
1197 3330 1254 3404 fed
1277 3350 1402 3404 tantum
1419 3354 1493 3426 quae
1517 3333 1590 3406 funt
1612 3333 1816 3411 harmonica.

383 3472 414 3566 §-
439 3464 660 3542 MMDXLI.
686 3462 915 3623 (ffuamobrem
935 3465 1095 3533 nonnulla
1119 3466 1247 3549 fluida,
1267 3485 1339 3556 quo
1361 3468 1510 3556 tempore
1523 3466 1700 3554 fulminat,
1724 3468 1869 3542 fermenta

336 3567 604 3736 :filliis
626 3557 1363 3729 tltlelilitlllli{iiiiii
1384 3563 1636 3732 filiiflii
1651 3584 1774 3731 llll
1808 3568 1866 3676 ’ξ’

1747 3683 1781 3730 s:
1804 3683 1865 3734 aer

337 3761 529 3842 elefiricus,
544 3755 643 3851 agitat
705 3770 748 3821 ue
761 3747 865 3820 libere
884 3748 926 3820 ad
950 3750 1078 3840 fluida,
1103 3679 1509 3841 unfflvintJCetevifias,
1532 3754 1772 3829 fennentationi
1785 3779 1865 3850 pro·

333 3881 423 3942 nas,
448 3852 604 3925 accedere
624 3869 672 3942 po
707 3867 747 3942 t,
767 3867 812 3919 ea
832 3847 1037 3943 ingredinu,
1061 3873 1232 3944 permeat,
1259 3871 1371 3925 movet
1392 3871 1486 3924 motu
1510 3853 1663 3927 intestino
1683 3904 1697 3940 ,
1720 3851 1863 3928 fermen-

339 3959 495 4028 tationem
517 3947 703 4024 refustitatr
730 3944 812 4019 ideo
830 3941 1062 4036 Cereviliarii,
1088 3946 1124 4021 dt
1146 3950 1331 4044 Oinopolae
1345 3949 1536 4043 tempestate
1561 3955 1731 4039 tonitura,
1762 3951 1865 4026 cellm

339 4051 487 4125 adversus
507 4051 591 4123 airis
609 4045 783 4117 inunitam
809 4043 904 4117 bono
926 4045 1064 4120 confilio
1085 4047 1256 4122 claudunt.

387 4152 421 4222 Si
443 4149 532 4243 pasta
549 4145 661 4218 farine
681 4163 763 4216 tum
777 4139 914 4215 dotibus
937 4141 1109 4218 Cereviiiae
1141 4147 1233 4218 milia
1255 4147 1292 4219 iit
1317 4150 1351 4218 in
1383 4144 1670 4233 fermentatione,
1711 4143 1748 4218 dr
1768 4148 1868 4222 locut

337 4270 404 4322 non
429 4246 583 4332 clausus,
609 4235 1102 4338 tenpotencini&vi01tnti
1134 4247 1290 4333 tonitrui,
1314 4243 1374 4318 teir
1393 4244 1603 4319 vehementer
1622 4265 1793 4331 movetur,
1817 4268 1863 4318 ω·

337 4348 393 4421 des
414 4368 434 4416 a
454 4346 585 4445 fragore
601 4339 888 4420 amnemscmtt
922 4357 1030 4434 partes
1051 4340 1162 4418 farinae
1181 4346 1285 4417 'etiam
1310 4361 1479 4432 munt,
1502 4342 1704 4442 -fianguatur
1726 4343 1873 4430 reficti.⁸

338 4463 412 4536 qua
434 4443 638 4538 spongiosam
661 4444 850 4513 inanitatem
870 4438 1096 4515 fermentando
1120 4439 1303 4529 faciebant,
1328 4444 1479 4515 evolante
1501 4445 1579 4513 aire
1603 4441 1709 4514 fidunt
1731 4458 1860 4535 partes,

336 4538 435 4613 cellar
453 4537 682 4612 fermentatio:
715 4537 802 4609 solus
823 4553 933 4610 motus
956 4530 1172 4613 concuffionia
1194 4559 1271 4611 cum
1295 4539 1393 4631 valis,
1413 4541 1533 4633 quibus
1553 4539 1640 4634 palia
1663 4539 1860 4614 fermentant

337 4640 419 4713 inest
442 4635 957 4722 emunatnfmenauoatu
977 4637 1298 4734 uhtu-destruit,
1328 4636 1647 4734 tendentum&
1669 4644 1788 4736 ooquis
1812 4635 1860 4712 est

335 4755 464 4810 notum.
1618 4797 1621 4802 ,
1707 4783 1711 4796 .

416 5022 479 5110 (⁶)
497 5026 636 5108 temptet
657 5025 826 5100 Anatim
848 4993 990 5101 enode*
1017 4998 1039 5050 Τ
1071 5017 1080 5054 ·’·
1118 4996 1191 5048 *³*
1218 4999 1295 5038 '²⁵⁶³
1322 5019 1396 5044 t

1056 5108 1326 5200 Xxxxxxt
