4992 6767
752 670 798 760 D
878 665 919 762 Ε
1045 666 1077 755 8
1160 669 1203 759 0
1285 666 1334 756 Ν
1418 670 1479 758 0.·
1788 692 1874 792 ’9η

344 878 447 965 um,
473 888 546 968 qna
568 865 615 939 m
638 836 762 961 specta
783 861 956 954 epuotus
976 857 1167 988 optgere,
1189 864 1483 940 demonstrantium
1511 862 1754 945 Mammam
1780 877 1868 971 (a).

404 1050 437 1149 s.
470 1042 672 1119 MMCCX.
706 1038 795 1137 Quia
826 1039 916 1111 nervi
948 1035 1116 1110 elasiicitas
1145 1040 1180 1111 in
1213 1039 1442 1132 inflexionibus
1466 1041 1670 1137 majoribus,
1702 1048 1735 1118 in
1755 1048 1870 1140 majori

350 1149 593 1244 proportione,
619 1160 716 1232 quam
741 1135 810 1208 sunt
834 1132 1065 1219 inflexiones,
1090 1138 1217 1233 reagit,
1242 1160 1359 1212 nervus
1379 1137 1602 1214 vehementius
1626 1141 1807 1234 percussus,
1833 1143 1871 1217 dt

351 1247 489 1321 multum
513 1241 650 1313 insiexus
672 1235 816 1307 velocius
841 1231 911 1303 suas
933 1230 1154 1306 oscillationes
1173 1234 1343 1322 absolvet,
1374 1257 1554 1329 tonumque
1575 1240 1753 1314 acutiorem
1776 1241 1871 1330 edet,

351 1366 449 1437 quam
475 1343 579 1411 lenius
599 1332 784 1429 percussus,
807 1326 842 1402 de
860 1350 976 1421 parum
987 1327 1153 1401 inflexus:
1176 1332 1253 1402 ideo
1268 1331 1337 1406 sieri
1352 1332 1479 1426 potest,
1501 1355 1538 1412 ut
1561 1357 1679 1412 nervus
1700 1335 1874 1412 v'ebemen.

354 1464 402 1513 ter
425 1437 587 1531 percussus
610 1434 738 1514 strideat
761 1451 830 1521 prae
853 1429 958 1498 acutia
984 1430 1069 1497 toni:
1095 1428 1172 1499 hinc
1197 1451 1333 1526 quoque
1355 1429 1453 1502 Tibia
1482 1432 1656 1506 violentius
1686 1434 1796 1507 indata
1823 1456 1873 1508 to·

354 1561 432 1609 num
458 1536 561 1605 multo
583 1534 758 1603 acutiorem
783 1526 879 1606 edit,
905 1545 1003 1611 quam
1028 1522 1049 1592 s
1072 1524 1188 1595 leniter
1214 1526 1374 1613 infletur,
1404 1525 1482 1600 ideo
1505 1533 1644 1602 maxima
1668 1533 1700 1604 in
1725 1531 1882 1605 suavitate·

356 1656 509 1705 tonorum
533 1629 578 1699 esi
602 1632 754 1708 varietas,
780 1624 816 1692 in
833 1638 935 1690 nervo
959 1638 1022 1708 pro
1045 1617 1210 1691 differenti
1235 1623 1387 1713 percussu
1413 1623 1552 1715 pleuti:
1578 1649 1633 1699 aut
1657 1627 1769 1702 inflatu
1793 1628 1878 1702 mol·

354 1730 448 1814 lieri,
479 1728 530 1799 vei
556 1726 683 1796 fortiori
707 1727 739 1792 in
765 1718 905 1789 Tibiatn.

406 1827 442 1897 ld
469 1848 510 1895 eu
539 1824 784 1913 comparatione
804 1834 879 1887 cum
904 1809 1033 1881 duobus
1052 1811 1205 1902 pendulis
1227 1829 1323 1903 aeque
1347 1812 1474 1912 longis,
1501 1821 1556 1889 scd
1582 1841 1656 1910 quae
1680 1844 1699 1890 a
1723 1824 1817 1891 variis
1831 1827 1878 1895 vi-

356 1926 445 1996 ribus
469 1924 629 2018 gravitatis
657 1936 824 2014 aguntur,
852 1906 1061 1981 demonstrari
1084 1908 1222 1999 potesta
1254 1909 1327 1980 sunt
1348 1914 1436 1983 enim
1463 1933 1614 2003 tempora
1638 1916 1883 1989 oscillationum·

355 2022 389 2092 in
411 2018 569 2112 ejusmodi
592 2015 743 2107 pendulis
767 2010 944 2082 iuratione
968 2004 1186 2097 subduplicata
1202 2007 1322 2077 inversa
1335 2012 1528 2100 gravitatum
1554 2029 1614 2097 per
1638 2007 1671 2103 s.
1690 2030 1775 2103 479.
1814 2014 1881 2084 Sed

355 2117 409 2188 hic
434 2119 466 2186 in
489 2116 614 2185 ratione
634 2109 851 2200 subdupiicata
876 2101 997 2176 inversa
1028 2105 1144 2174 virium
1176 2103 1375 2174 eiasticarum
1408 2109 1442 2175 iu
1472 2127 1573 2176 nervo
1606 2104 1639 2175 se
1672 2108 1886 2194 restituente,

356 2235 431 2285 cum
455 2232 570 2282 nervus
593 2206 778 2290 osciiietur,
808 2203 909 2276 veluti
932 2204 966 2271 in
984 2199 1164 2287 Cycloide:
1190 2195 1227 2267 δι
1242 2198 1411 2270 eiasticitns
1435 2205 1470 2272 itt
1493 2221 1595 2274 nervo
1618 2200 1783 2275 osculante
1806 2222 1880 2278 mo·

354 2331 422 2382 tum
445 2306 626 2399 producat,
650 2304 751 2372 veluti
772 2303 912 2390 gravitas
933 2300 971 2360 in
996 2292 1159 2379 pendulo.

403 2480 436 2577 §.
459 2473 681 2551 mmccxl.
708 2470 923 2542 Observatum
945 2465 1037 2551 suit,
1066 2465 1222 2540 chordam
1247 2465 1486 2561 cannabem,
1519 2470 1611 2565 cujus
1631 2471 1788 2547 diameter
1810 2494 1905 2577 eratL
1922 2460 1986 2515 Μ

1906 2531 1981 2579 vni.

357 2584 454 2652 unius
477 2576 573 2645 lineae
595 2571 725 2662 pollicis
746 2568 906 2653 Pariiini,
932 2561 1051 2653 tensam
1077 2562 1097 2634 d
1120 2564 1156 2640 b
1180 2584 1259 2665 35¹,
1292 2566 1483 2667 &longam
1506 2590 1567 2662 90.
1591 2567 1694 2662 pedes
1707 2621 1724 2659 ‚,
1754 2570 1944 2655 oscfflaqj‘,
1955 2607 1984 2655 4,

360 2727 484 2797 tionem
514 2716 623 2791 secisse
645 2736 793 2809 tempore
818 2680 876 2838 -Ξ-
906 2712 1023 2783 minuti
1047 2708 1193 2782 secundiz
1218 2711 1319 2783 fidem
1343 2737 1466 2786 aeneam
1490 2716 1612 2805 pedum
1642 2720 1739 2810 Ιι38,
1763 2719 1886 2791 diame-

362 2874 401 2942 tri
428 2836 491 2989 -Σ-
515 2867 632 2957 lineae,
660 2864 778 2934 tensam
801 2869 836 2940 ib
861 2886 904 2951 4,
930 2881 1032 2933 unum
1055 2857 1219 2930 recursum
1247 2856 1353 2950 spatio
1381 2862 1497 2933 minuti
1521 2860 1651 2933 secundi
1669 2843 1804 2933 secisse:-
1825 2882 1888 2956 po·

362 3016 421 3087 srto
446 3013 576 3103 peciine
600 3012 633 3078 in
660 3008 771 3076 medio
792 3004 825 3075 C
851 3005 1009 3089 chordae,
1034 3004 1085 3076 vel
1104 3003 1196 3086 fidis,
1222 3021 1349 3093 partem
1371 3006 1538 3078 dimidiam
1568 3010 1639 3101 pari
1666 3028 1815 3100 tempore
1839 3011 1894 3081 bis·-
1965 3063 1971 3073 .

361 3106 533 3185 oscillasse:
556 3105 666 3196 posto
688 3103 791 3173 altero
815 3102 947 3192 pectine
973 3104 1007 3169 in
1029 3097 1141 3168 medio
1164 3097 1230 3181 D,
1255 3119 1380 3190 partem
1405 3099 1477 3172 BD
1504 3126 1618 3194 quater
1643 3104 1826 3190 oscillasse,
1853 3102 1892 3175 dc

362 3205 486 3298 semper
516 3203 630 3273 eadem
665 3202 801 3270 omnino
831 3199 957 3268 ratione
988 3214 1160 3268 nannetum
1194 3192 1382 3269 recursuum
1410 3219 1559 3273 crescere
1575 3250 1593 3288 ,-
1624 3219 1692 3292 qua
1714 3201 1898 3296 longitudo

364 3303 513 3388 chorda,
535 3297 589 3373 vel
611 3294 683 3367 fidis
708 3296 864 3366 minuitur
890 3291 981 3388 (b).
1863 3324 1866 3330 .

419 3474 452 3571 5.
483 3470 719 3544 MMCCXH.
753 3466 982 3561 Quamobrem
1001 3484 1103 3557 prout
1125 3485 1194 3538 etat
1213 3464 1351 3550 chordae
1370 3466 1577 3563 iongitudo,
1609 3472 1656 3539 itt
1679 3466 1741 3540 suit
1762 3431 1897 3564 setnpcc

362 3576 533 3662 reciproce
555 3586 710 3638 numerus
731 3562 930 3634 recursuum.
1601 3605 1604 3611 s
1875 3624 1885 3635 .

417 3740 449 3838 s.
474 3733 726 3809 mmccxlii.
752 3730 969 3805 Obsemamus
989 3751 1163 3823 praetem,
1192 3730 1364 3805 Cbordtnt
1385 3732 1458 3804 ΑΒ
1480 3733 1605 3806 tensmn
1628 3734 1772 3825 aliquem
1789 3736 1888 3811 edere
1924 3754 1994 3808 ma

370 3860 507 3923 tonum,
532 3833 687 3906 chordam
712 3829 786 3901 CA
805 3829 902 3900 edere
922 3847 1038 3901 tonum
1064 3825 1188 3906 ouant
1205 3828 1376 3913 citiorem,
1400 3828 1473 3901 DB
1496 3833 1620 3902 iterun·
1635 3831 1701 3903 esse
1724 3836 1759 3903 itt
1782 3823 1987 3907 Odiassffl'·

368 3936 556 4027 vapmm=
581 3929 795 4022 quamobrem
817 3926 942 3996 autes
963 3944 1119 3998 onoma
1137 3922 1211 4000 unt
1234 3929 1430 4017 nuptam,
1456 3930 1505 3999 aa
1527 3915 1755 4026 immuunt
1774 3885 1947 4008 cumEis
1964 3895 1995 3948 ⁴*
2045 3973 2052 3978 .

369 4033 491 4105 darum.

415 4204 447 4293 §.
473 4171 721 4274 MMCCXIV.
747 4196 838 4268 Toni
862 4195 1002 4288 proinde
1023 4194 1407 4278 excitanturacbordis‚
1430 4195 1636 4280 vesperus,
1662 4131 1805 4294 atquem
1829 4223 1894 4277 nm
1980 4269 1984 4281 ,
2119 4277 2128 4286 ‚

368 4322 491 4374 mertam
513 4298 751 4372 oscillationum
773 4295 917 4411 quodam
939 4313 1088 4388 tempore
1111 4292 1381 4385 perficientibus:
1411 4293 1543 4407 quando
1571 4291 1789 4370 oscssiationet
1818 4303 1896 4390 pari?
2006 4327 2014 4336 ·

370 4418 518 4566 tffitgirse
533 4397 678 4587 ἰζῑὶτὲξξέ
694 4391 884 4587 attempt?
900 4391 960 4587 ἕο,
982 4392 1085 4468 veluti
1108 4391 1277 4485 sequentes
1298 4412 1444 4481 numen,
1470 4388 1559 4466 Toni
1583 4392 1635 4468 itis
1657 4394 1897 4508 namiuibuoss·
1940 4431 1944 4438 ·
1973 4423 2016 4452 -⁴

1802 4590 1893 4674 iad

354 4739 356 4828 J
417 4833 424 4842 .
445 4779 508 4858 (ci
530 4749 623 4840 satu
642 4781 818 4842 Harmomita
839 4801 905 4861 pag.
922 4796 991 4855 251.
1032 4733 1035 4740 Ι

447 4862 506 4933 (b)
532 4858 681 4917 Mersennl
703 4861 869 4922 Harmonia
895 4862 1004 4922 Liba.
1026 4859 1332 4940 Propino-,mut
1382 4875 1388 4884 '
1490 4871 1494 4876 '
1564 4863 1570 4870 ’
1615 4866 1618 4870 ’

443 4938 503 5019 (c)
524 4934 679 5002 Mensenui
697 4937 870 5005 Harmonic.
887 4941 954 5004 uu.
971 4958 1000 5018 4.
1021 4940 1141 5023 Propes.
1158 4943 1206 5008 18.
1226 4958 1378 5030 papo.-
1444 5005 1449 5010 .
1551 4997 1582 5004 ..
