4992 6767
529 704 1179 796 REFRANGulelTArEm
1208 705 1547 800 COL'QRIBUS.¹
1721 751 1798 846 733

271 908 375 982 suoco
403 902 604 993 dactylorum
636 902 794 985 lucente,
828 902 879 976 vel
906 901 963 972 sub
992 902 1074 976 laete
1103 911 1181 978 tuus
1205 901 1303 974 sltcco
1329 903 1650 994 dac‘lploutm-millo
1666 917 1683 997 ,’
1703 916 1798 995 Nos,

270 1006 445 1080 &cerritis
470 1001 550 1091 (a)
576 999 756 1070 observavit
779 1000 927 1072 colorem
953 999 1079 1085 album,
1106 997 1249 1083 flavum,
1276 999 1513 1084 &ceruleum
1535 1008 1721 1097 clarissim„
1747 1039 1798 1087 κ.

269 1103 350 1193 liqui
372 1099 502 1169 colores
524 1115 581 1167 aut
608 1118 708 1181 non,
743 1099 793 1169 vel
830 1096 934 1168 multo
957 1097 1122 1169 obscurius
1144 1098 1335 1169 videbantur
1350 1121 1362 1183 ς
1378 1100 1553 1192 adeoque·
1566 1104 1633 1184 luci
1653 1107 1799 1200 disciplo-

268 1219 338 1272 rum
357 1195 436 1266 radii
460 1196 551 1281 albi,
581 1192 681 1280 siaul,
716 1191 750 1264 &
780 1195 914 1271 coerulei
941 1192 1135 1284 potissimum
1162 1192 1295 1281 insunt,
1327 1196 1441 1287 reliqui
1472 1199 1609 1276 colorati
1637 1206 1719 1278 radii
1742 1229 1798 1282 aut

263 1314 363 1378 non,
394 1314 451 1364 aut
478 1314 575 1385 parva
603 1297 700 1382 copia
729 1292 858 1363 insunt:
892 1313 932 1362 ex
968 1291 1017 1359 his
1043 1292 1194 1364 omnibus
1218 1295 1448 1383 experimentis
1469 1295 1537 1370 sere
1558 1302 1795 1380 concludemus

201 1443 203 1448 -
260 1389 399 1465 omnem
423 1388 529 1462 lucem
554 1411 621 1460 non
644 1389 709 1459 esse
735 1392 855 1461 eodem
878 1388 980 1458 modo
1003 1389 1230 1474 constiturum,
1256 1388 1311 1460 sed
1332 1394 1450 1465 variam
1477 1402 1726 1488 proportionem
1743 1427 1793 1476 m.

260 1488 395 1562 diorum
419 1490 641 1563 coloratorum
657 1489 753 1559 varie
769 1487 836 1559 luci
854 1485 967 1582 inesse:
995 1487 1051 1556 nisr
1066 1488 1440 1579 ardentium-,corporum
1457 1513 1584 1582 partes,
1609 1520 1682 1589 quae
1696 1500 1793 1575 flam·
1931 1495 1936 1502 ’

265 1608 330 1660 mae
352 1586 479 1672 insunt,
504 1609 544 1658 ex
568 1586 639 1655 luce
665 1583 812 1676 separent
836 1584 1011 1655 nonnullos
1035 1584 1144 1654 radios
1168 1586 1361 1673 coloratos,
1392 1611 1517 1680 eosque
1539 1602 1794 1687 quaquaversum

265 1683 307 1754 'ex
329 1682 457 1754 flamma
480 1682 662 1775 expellent,
687 1680 768 1752 alios
792 1680 952 1752 suffocent
976 1679 1143 1762 insumo,
1168 1701 1223 1751 aut
1241 1681 1451 1780 conjungant.
1501 1688 1624 1762 Verum
1641 1694 1794 1784 plurimas

263 1778 528 1865 observationes,
550 1802 624 1871 quae
644 1779 773 1850 colores
793 1778 974 1848 ardentium
996 1795 1175 1868 corporum
1192 1778 1350 1869 speciant,
1378 1778 1413 1852 ἃ
1435 1782 1515 1874 alia,
1540 1789 1641 1862 videri
1663 1793 1794 1885 possunt

262 1880 298 1948 in
323 1874 419 1948 Nob.
443 1877 559 1969 Boylei
586 1875 737 1946 Traeatu
763 1875 805 1945 de
831 1875 1022 1948 Coloribus.

223 2085 225 2092 Ι
312 1993 700 2095 §.MDCCCXX1V*.
726 1995 821 2093 Quia
844 1996 925 2069 nulli
948 1995 1026 2065 radii
1052 1979 1324 2100 1ιίξᾲμὲξηῐιρἰ,Ι
1337 1995 1443 2100 Splis·
1471 2007 1598 2078 rismate
1623 2007 1793 2090 secemurr·

262 2116 333 2178 tur,
360 2097 544 2191 colligimus
565 2097 765 2190 nigredinem
790 2115 862 2190 non
883 2091 947 2163 else
961 2024 1552 2206 'colope'gspffltsam'e‘tlllridsogineia
1575 2106 1687 2202 nigra,
1715 2114 1789 2207 pig.
1826 2145 1830 2151 .

260 2214 369 2282 menta
391 2195 509 2288 nigra,
541 2212 576 2262 ut
602 2191 637 2262 dc
661 2195 838 2288 ,tipsturaet
872 2187 1008 2264 Umbrae
1026 2189 1217 2274 'immediate
1242 2212 1331 2291 pone
1356 2214 1495 2286 corpora
1517 2221 1621 2290 opaca
1646 2196 1717 2277 stint
1740 2209 1791 2280 ni·

260 2273 348 2386 gre,
376 2285 412 2360 &
434 2312 480 2362 eo
502 2292 683 2384 nigriores,
730 2312 776 2360 uo
800 2267 1015 2384 minonlucis
1036 2290 1133 2376 copia
1155 2287 1202 2382 est¹
1225 2289 1259 2384 in
1286 2290 1430 2375 umbm,
1463 2296 1560 2365 veluti
1585 2299 1630 2367 ell
1652 2303 1685 2370 in
1711 2301 1791 2376 loco

260 2387 428 2462 obscuro:
461 2409 586 2476 verum·
604 2389 639 2458 in
668 2389 821 2477 majoris
847 2384 1042 2479 corporibus
1066 2382 1212 2454 distantia
1238 2385 1346 2476 mipor
1370 2386 1415 2476 est
1440 2392 1728 2474 umbredenfitas
1747 2397 1790 2480 sc

259 2485 465 2576 penumbra,
490 2483 532 2553 de
559 2502 624 2572 qua
646 2467 816 2568 Marsldus
831 2470 970 2578 'egregie
990 2469 1066 2574 fe‘git
1091 2479 1185 2572 (b).
1236 2463 1275 2549 In
1298 2479 1449 2570 perscslis
1471 2490 1613 2560 tenebris
1639 2493 1789 2572 meraest

261 2583 414 2674 nigritia,
438 2576 577 2670 proinde
600 2578 696 2670 plane
719 2581 809 2674 nigra
832 2577 910 2650 nibil
938 2578 1200 2677 lucisjreplicant
1225 2570 1261 2646 dt
1285 2578 1386 2648 videri
1409 2603 1603 2673 nequeunt,
1625 2591 1694 2661 ¹nist
1720 2614 1789 2665 tan·

265 2694 336 2746 tum
357 2678 547 2769 margines,
578 2677 636 2766 qul
669 2697 746 2770 ope.
764 2675 848 2772 lucis
875 2669 1073 2772 circumfusa
1098 2669 1133 2746 δι
1157 2669 1360 2764 objectorum
1381 2679 1561 2752 ‚vicinorum
1584 2680 1619 2754 ἃ
1644 2691 1790 2764 ambien-

265 2773 346 2842 tium
369 2772 443 2862 plus
464 2773 546 2842 lucis
572 2771 805 2852 reddentium,
837 2791 1033 2843 cernuntur:
1068 2793 1144 2862 quae
1175 2791 1291 2856 autem
1307 2771 1349 2840 ad
1380 2776 1581 2868 nigredinem
1605 2787 1788 2873 accedunt,

261 2866 335 2938 sunt
350 2868 552 2958 plerumque·
569 2868 731 2950 violacea,
756 2865 855 2939 veluti
877 2865 948 2938 sunt
971 2865 1084 2964 lirtetae'
1109 2886 1290 2938 atramento
1314 2890 1471 2941 exaratae:
1494 2880 1592 2963 panni
1617 2883 1700 2974 nigri
1717 2883 1799 2955 sunt·
1914 2891 1926 2900 '

260 2961 424 3054 diphabi‚
457 2983 532 3034 nam
555 2953 650 3054 pri'us'
669 2963 773 3036 saturo
797 2961 1050 3058 colorelndico
1071 2968 1275 3062 ¹tinguntur,
1310 2965 1428 3034 deinde
1452 2972 1649 3044 inebriantur
1675 2975 1796 3050 colore'
1839 2991 1843 2996 '
1897 3005 1906 3014 ·

257 3057 429 3144 violaceo,
453 3064 498 3131 ita
521 3077 679 3150 apparens
706 3064 833 3156 nigrirla
855 3056 1023 3149 efficitur,
1048 3081 1117 3136 uno
1140 3061 1254 3132 colore
1278 3063 1449 3150 operiente
1471 3065 1632 3152 alterum:
1665 3096 1683 3142 a
1707 3077 1785 3158 Sole

258 3155 429 3229 illuminati
459 3160 558 3249 panni
592 3158 675 3252 nigri
710 3161 863 3248 prismate
890 3156 1125 3247 inspiciuntur,
1158 3155 1252 3229 color
1277 3160 1310 3227 in
1334 3162 1372 3228 iis
1398 3160 1565 3235 violaceus
1588 3167 1785 3258 potissimum

256 3251 349 3326 fascia
374 3253 518 3326 latissimi
541 3252 692 3345 sppt'rett
717 3245 1169 3351 htijusmodi'obsetilamigra·
1189 3277 1304 3350 parpm
1330 3256 1412 3327 lucis
1435 3262 1601 3334 reddunt.
1628 3287 1691 3352 qua
1713 3291 1784 3339 cer·

257 3351 396 3437 nentur,
420 3352 473 3423 sed
497 3349 623 3446 semper
643 3352 800 3439 obscure,
825 3351 1032 3450 nequaqum
1045 3349 1271 3443 splenddnua't
1287 3343 1368 3425 ’esec
1385 3376 1486 3447 pratos
1504 3361 1627 3433 reddita
1645 3362 1720 3439 Lux
1736 3366 1784 3441 est

255 3453 400 3524 omnium
426 3450 587 3521 colorum.
638 3505 648 3514 .
848 3475 852 3484 ·
954 3467 959 3480 ·
1446 3459 1449 3464 '
1520 3482 1526 3521 ;
1599 3467 1602 3472 ’
1712 3491 1716 3496 -
1780 3515 1783 3520 .

304 3578 336 3673 i.
361 3573 654 3650 MDCCCXXV.
684 3575 738 3648 Ex
760 3577 1022 3667 praecedentibus
1051 3582 1279 3667 experimentis
1302 3581 1455 3665 constat,
1481 3581 1567 3657 Solis
1591 3590 1698 3659 radios
1721 3589 1782 3661 dis-³

257 3674 376 3745 serenti
398 3674 644 3770 refrangibilitati
668 3674 732 3744 esse
759 3674 938 3764 subjeslos:
975 3674 1027 3743 sed
1053 3675 1145 3745 simili
1166 3677 1269 3746 modo
1295 3676 1502 3767 subjiciuntur
1524 3686 1616 3751 variae
1646 3685 1780 3756 reflexi·

258 3771 398 3841 bilitati:
431 3775 487 3861 qui
506 3774 592 3842 enim
616 3773 685 3842 sunt
714 3774 855 3841 maxime
881 3770 1132 3865 refrangibiles,
1173 3774 1244 3844 sunt
1271 3775 1368 3843 etlam
1395 3779 1534 3848 maxime
1560 3776 1778 3853 reflexibiles:

257 3889 335 3939 nam
358 3867 463 3939 radius
483 3867 568 3939 Solis
590 3867 655 3940 RS
679 3890 849 3960 permeans
873 3867 1019 3938 foramen
1047 3867 1109 3950 R,
1142 3869 1287 3942 senestrae
1317 3870 1453 3970 PQin
1480 3898 1638 3948 cameram
1663 3879 1844 3970 obsco-ras,
1858 3900 1925 3959 ω.

255 3987 345 4050 ram,
371 3966 491 4036 incidat
514 3968 546 4036 in
595 3969 690 4037 tismu
711 3965 822 4037 ΑΒΕ
849 3963 1266 4061 rediengulumdsosceles,
1292 3961 1400 4039 tendit
1420 3977 1478 4042 sis·
1494 3973 1590 4056 SM,
1616 3997 1689 4066 pars
1711 3964 1838 4050 exiiss-
1859 3976 1884 4016 ⁸·

255 4061 387 4132 resrasla
410 4065 442 4133 in
466 4065 514 4135 via
590 4059 646 4147 H,
673 4059 782 4149 ΜΟ,
813 4057 972 4153 aliafptrs
999 4062 1117 4131 reflexu
1147 4067 1250 4133 tendit
1278 4067 1319 4132 ab
1342 4066 1385 4133 M
1408 4070 1448 4134 ad
1472 4069 1535 4152 0,
1552 4123 1556 4128 .
1571 4071 1605 4141 &
1634 4077 1710 4143 inde
1734 4078 1777 4147 ad

255 4155 323 4242 N,
356 4161 412 4229 ubi
444 4164 476 4231 in
517 4159 583 4229 elsa'
610 4158 784 4230 secundum
807 4151 925 4251 prisms
948 4158 1081 4241 DEF,
1105 4166 1212 4255 pergit
1235 4163 1284 4229 uia
1309 4159 1403 4241 Nl„
1430 4167 1559 4253 exitque
1586 4170 1718 4239 reliaels
1743 4174 1777 4243 in

254 4256 359 4327 radios
380 4255 454 4339 Ll,
520 4256 573 4345 K,
599 4279 741 4350 quorum
774 4254 829 4329 LI
855 4263 1021 4337 maxime,
1056 4255 1126 4325 LK
1155 4263 1261 4327 minus
1285 4259 1489 4354 relimgitur:
1524 4262 1643 4332 situm·
1657 4268 1777 4355 prisma

255 4353 362 4423 nuc
388 4352 475 4426 lente
508 4359 774 4426 circumvertetur
803 4359 888 4426 circa
917 4356 1019 4439 axin,
1053 4355 1130 4425 radii
1154 4354 1261 4438 MH,
1286 4354 1392 4440 ΜΟ,
1418 4358 1584 4431 lirccesfive
1604 4361 1777 4434 relleilun·

255 4468 309 4518 tur
329 4452 371 4518 ad
392 4450 450 4537 Ν,
475 4454 559 4522 adeo
582 4474 618 4524 ut
637 4454 734 4524 colo'r
756 4451 886 4524 Indicus
909 4452 976 4539 Ll,
1002 4456 1058 4543 qui
1081 4457 1188 4542 primo
1210 4476 1278 4525 erat
1302 4455 1495 4551 languidus,
1522 4461 1635 4529 euadat
1652 4462 1776 4533 vividus

256 4565 391 4633 propter
420 4572 540 4620 novum
570 4549 733 4621 radiorum
764 4551 908 4642 ejusdem
942 4550 1062 4622 coloris
1084 4550 1273 4637 accessum,
1306 4550 1341 4622 ἃ
1363 4557 1408 4623 ita
1434 4555 1540 4628 radius
1561 4557 1649 4627 ΜΟ
1672 4560 1775 4630 tendit
1848 4611 1853 4620 ·

257 4641 391 4711 totidem
412 4646 452 4713 ad
473 4644 560 4716 LK:
587 4645 711 4719 Radius
736 4648 808 4744 Sllll
830 4647 907 4720 sacit
920 4652 954 4721 in
968 4650 1132 4743 principio
1152 4651 1307 4747 angulum
1327 4650 1427 4726 SMC
1445 4675 1492 4748 45
1509 4656 1774 4753 gradsed'moto

1691 4797 1694 4802 .
1717 4776 1774 4845 pa.

326 4895 387 4970 (a)
411 4898 608 4975 commentar.
629 4909 802 4972 Bononleas.
825 4908 895 4970 Vol.
917 4928 946 4973 s.
966 4861 1134 5004 pag-noo,
1155 4919 1230 4986 sor,
1251 4921 1320 4990 toz.
1684 4885 1690 4904 ι

330 4979 387 5055 (l)
409 4977 579 5046 L’Hllioir'e
593 4981 628 5049 de
643 4983 755 5052 enos
772 4987 850 5072 esp.
871 4989 923 5054 llo.
944 5003 1114 5141 rrolgfpagai
1133 4995 1198 5062 157'·
1275 4998 1279 5004 ·

1027 5091 1086 5139 aa
1138 5091 1200 5139 ae
