4992 6767
616 652 707 762 &96
761 635 1093 740 DE'FLUIDO
1121 631 1232 726 aaa
1257 629 1742 734 vensiontium
1764 609 2057 725 FLUENTE,

615 840 797 942 ,pulsarum
812 855 853 908 ac
875 837 963 914 reeta,
985 834 1243 908 incumbentium
1267 833 1417 924 partium.
1480 827 1650 902 Particulae
1679 828 1719 903 ,Ε
1734 783 1758 914 ,’
1781 826 1843 914 G,
1874 813 1930 913 F,
1960 830 2156 907 confidenti

631 934 765 1034 poliunt
788 953 940 1025 tanquam
964 931 1060 1006 fluidi
1078 930 1217 1004 lamellae
1242 949 1380 1020 tenues,
1405 950 1482 1021 que
1501 926 1651 1000 labuntur
1668 928 1792 1021 ,partim
1821 929 1957 1021 proprio
1988 931 2157 1025 pondere,

626 1035 748 1140 partim
771 1030 915 1126 preflurd
938 1030 1207 1104 incumbentium.

542 1149 547 1160 ⁵
589 1145 592 1154 ¹
678 1163 711 1264 d.
736 1158 927 1236 MCCXC.
949 1157 1102 1235 Effiuunt
1119 1158 1217 1253 igittu
1240 1175 1285 1226 ex
1311 1153 1460 1249 quolibet
1487 1153 1646 1228 foramine
1667 1156 1797 1247 paribus
1822 1155 2025 1248 temporibus
2047 1181 2158 1255 aequa·

629 1267 680 1339 les
704 1260 800 1337 fluidi
824 1259 1036 1351 quantitates,
1060 1252 1159 1326 veluti
1182 1252 1338 1326 Picardus
1357 1254 1594 1345 experimentis
1614 1254 1764 1345 probavit
1789 1253 1883 1349 (a).

626 1417 632 1456 :
681 1388 717 1489 §.-
738 1383 962 1463 MCCXCI.
988 1380 1077 1481 Quia
1102 1376 1197 1451 fluidi
1217 1378 1383 1471 particule
1407 1382 1441 1452 in
1463 1378 1576 1452 eadem
1601 1378 1827 1453 altitudinein
1843 1399 1986 1454 omnem
2006 1379 2158 1452 ditediin·

631 1509 717 1561 nem·
731 1490 802 1580 pari
824 1491 856 1558 vi
880 1502 1089 1595 premuntur,
1113 1475 1224 1592 affluet
1250 1473 1392 1592 fluidum
1413 1499 1489 1549 cum
1510 1498 1552 1548 ex
1572 1475 1784 1554 foraminibus
1804 1476 1923 1565 fundi,
1955 1498 2024 1549 tum
2042 1498 2084 1548 ex
2105 1477 2158 1549 fo·

631 1586 808 1658 numinibus
832 1580 1037 1663 lateralibus,
1054 1575 1448 1667 pansalutudrms-cum
1469 1575 1594 1660 fundo,
1618 1574 1731 1645 eadem
1756 1573 1919 1646 celeritate
1941 1570 2106 1666 desumi.

506 1765 572 1827 m
630 1735 635 1744 ’
680 1712 713 1815 §
739 1707 979 1787 MCCXCII.
1013 1704 1094 1801 Quo
1125 1704 1266 1777 fluidum
1296 1704 1337 1775 ad
1366 1701 1522 1798 majorem
1545 1703 1747 1778 altitudinem
1777 1725 1834 1777 ras
1866 1700 2018 1776 A'BCD
2042 1706 2159 1798 imple·

483 1805 595 1905 xxxi.
634 1818 736 1902 verit,
760 1832 803 1882 eo
826 1809 962 1881 celerius
991 1826 1032 1874 ex
1052 1803 1262 1874 foraminibus
1283 1800 1373 1872 fundi
1398 1799 1451 1886 E,
1477 1798 1533 1885 G,
1558 1799 1608 1885 F,
1633 1798 1752 1872 effluet.

483 1920 549 2004 ηρ,
569 1938 598 2004 r,
685 1911 720 1982 Si
740 1911 827 1978 enim
851 1904 1001 1975 foramini
1027 1900 1066 1975 G
1092 1902 1257 1972 incumbat
1276 1898 1430 1969 columna
1451 1897 1625 1968 altitudinis
1651 1894 1751 1984 HG,
1782 1900 1940 1989 premitur
1960 1899 2086 1971 lamella
2109 1904 2159 1973 in·

517 2031 526 2054 ·
601 2077 604 2082 .
634 2008 743 2082 fidens¹
762 2003 910 2075 foramini
937 1997 1316 2095 igravitatecolumnae
1340 1992 1441 2068 HG:
1466 2014 1541 2066 cum
1560 2015 1669 2068 atuem
1692 1995 1856 2068 columnae
1877 1996 2050 2093 longitudo
2075 1998 2159 2073 KG

515 2115 534 2174 .“
633 2105 748 2189 fuerit,
772 2119 937 2191 premetur
960 2094 1088 2167 lamella
1113 2097 1147 2167 itt
1173 2092 1332 2165 foramine
1356 2093 1376 2161 d
1397 2092 1509 2185 majori
1534 2095 1680 2185 potentia
1703 2090 1802 2181 KG,
1826 2115 1899 2186 quae
1922 2095 2061 2187 proinde
2084 2117 2160 2170 cunr

518 2207 526 2219 ‘
582 2211 586 2220 ⁴
632 2200 700 2297 ipsa
726 2197 880 2289 majorem
908 2195 1105 2266 celeritatem
1133 2190 1398 2262 communicabit.

486 2386 598 2529 ‚aaa
638 2311 2163 2513 ,ltliililllitlatratuiinitiabili?latinius:
2219 2403 2232 2417 ·

480 2540 550 2619 ης,
580 2554 609 2603 1,
638 2515 734 2589 KG.
784 2514 873 2585 Nam
903 2509 1127 2583 columnarum
1165 2508 1423 2578 incumbentium
1463 2511 1632 2603 gravitates
1659 2508 1730 2582 suut
1763 2515 1922 2603 potentiae
1951 2534 2165 2605 prementes,

635 2636 711 2707 quae
732 2616 817 2685 vires
840 2631 916 2681 cum
940 2607 1075 2680 lamellis
1097 2609 1131 2676 in
1165 2605 1325 2682 foramine
1358 2603 1394 2674 G
1418 2607 1661 2676 communicant
1688 2610 1949 2699 proportionales
1983 2611 2044 2682 suis
2073 2633 2164 2708 mag.

634 2710 862 2793 mitudinibus,
888 2707 953 2776 hoe
977 2704 1023 2774 est
1044 2703 1294 2784 altitudinibus,
1327 2702 1397 2772 funt
1426 2720 1506 2773 vero
1529 2701 1708 2771 celeritates
1733 2707 1767 2773 in
1798 2709 1922 2776 rarione
1945 2708 2165 2795 subduplicata

635 2809 768 2890 virium,
793 2827 853 2897 per
874 2799 910 2970 p.
933 2802 1019 2893 289.
1043 2800 1195 2889 adeoque
1224 2819 1319 2868 erunt
1346 2797 1524 2866 celeritates
1547 2796 1587 2903 in
1620 2798 1744 2864 ratione
1770 2796 1988 2884 subduplicara
2024 2799 2165 2868 altitudi-

635 2926 716 2977 num
742 2901 846 2987 HG,
886 2898 962 2972 lG.
987 2896 1181 2985 pellemque
1206 2913 1273 2980 ope
1291 2889 1478 2972 Parabolae,
1498 2909 1595 2977 cujus
1618 2893 1686 2958 aris
1701 2888 1792 2959 foret
1816 2889 1914 2976 KG,
1940 2890 2165 2966 Ordinataead
2291 2916 2296 2924 ·

635 2999 716 3072 ΚΟ
741 2997 922 3087 parallelae,
947 2990 1080 3079 exponi.
1319 2993 1322 2998 ’
2113 2985 2118 2995 ’

686 3117 718 3215 §.
744 3108 1001 3186 MCCXCIV.
1034 3106 1203 3180 Particulae
1236 3102 1334 3177 fluidi
1358 3128 1398 3178 ex
1423 3105 1583 3178 foramine
1615 3104 1652 3179 G
1687 3108 1802 3182 eadem
1824 3111 1988 3187 celeritate
2012 3111 2166 3208 effluunt,

637 3234 677 3287 ac
700 3214 725 3283 fi
750 3211 854 3282 libere
878 3203 1065 3276 cecidiilent
1088 3221 1129 3271 ex
1156 3202 1326 3274 altitudine
1353 3205 1469 3297 aequali
1487 3202 1650 3277 columnae
1673 3204 1763 3278 KG.

513 3341 593 3411 aab.
688 3307 845 3392 Fludun
864 3301 1004 3377 infidens
1022 3299 1173 3374 foramini
1200 3296 1235 3374 ,G
1261 3299 1297 3372 sat
1321 3300 1448 3374 lamella
1478 3302 1613 3389 tenuis,
1643 3302 1821 3379 altitudinis
1844 3306 1940 3382 rtG:
1965 3313 2108 3404 capiatur
2126 3318 2166 3388 iu

486 3423 599 3495 mi.
640 3410 787 3503 suprema
809 3420 900 3498 parte
918 3396 1080 3470 columnae
1105 3393 1160 3483 K,
1184 3396 1310 3470 lamella
1334 3399 1466 3492 aequnlis
1496 3397 1586 3485 Kn,
1617 3419 1685 3472 rum
1713 3423 1833 3495 eorpus
1868 3405 1952 3493 Kn,
1975 3407 2098 3500 lapsum
2123 3399 2168 3484 ex'

486 3506 554 3581 arg.
585 3515 612 3563 r·
640 3504 810 3582 altitudine
833 3499 918 3583 Kar,
942 3499 1079 3589 acquirit
1100 3496 1182 3567 vires
1198 3547 1209 3580 ,
1225 3519 1315 3589 ,quae
1346 3497 1416 3569 sunt
1442 3497 1483 3567 ad
1505 3519 1559 3568 eas
1586 3502 1735 3590 corporis
1757 3499 1834 3593 lapfi
1859 3525 1901 3575 ex
1926 3504 1958 3577 K
1983 3507 2025 3575 ad
2051 3505 2109 3593 G,
2134 3513 2165 3582 in

639 3606 765 3683 ratione
789 3599 874 3684 Ka,
897 3593 1056 3667 adKG:
1089 3597 1136 3667 vis
1162 3615 1226 3685 qua
1257 3597 1414 3687 premitur
1433 3595 1560 3667 lamella
1586 3593 1667 3670 mG
1684 3595 1758 3671 -suo
1779 3600 1949 3692 pondere,
1971 3602 2019 3674 est
2043 3605 2082 3675 ad
2103 3610 2167 3678 vim

642 3724 707 3799 qua
737 3702 894 3794 premitur
921 3692 1114 3765 acolumna
1140 3686 1234 3776 KG,
1261 3695 1306 3762 uti
1330 3692 1408 3762 mG
1431 3693 1473 3761 ad
1498 3691 1587 3763 KG.
1612 3695 1763 3785 adeoque
1788 3698 1834 3769 est
1854 3702 1987 3791 aequalis
2011 3705 2092 3773 ratio
2118 3707 2167 3774 in·

644 3822 695 3874 ter
718 3802 801 3870 vires
824 3795 889 3865 Krr
912 3789 954 3858 ad
979 3786 1080 3873 KG,
1102 3783 1139 3855 dt
1162 3784 1240 3854 mG
1263 3788 1305 3853 ad
1329 3785 1417 3854 KG.
1475 3787 1539 3855 Sed
1564 3791 1646 3856 vires
1676 3791 1710 3857 in
1734 3809 1874 3882 utroque
1901 3797 1974 3866 casu
2001 3800 2168 3883 produttae

639 3898 718 3972 funt
737 3895 780 3963 ab
803 3890 918 3960 eadem
941 3881 1081 3976 pressura
1144 3880 1292 3949 aciatis:
1323 3900 1405 3975 ergo
1426 3882 1507 3950 vires
1533 3883 1567 3952 in
1599 3901 1739 3970 utroque
1763 3886 1836 3955 casu
1857 3892 2006 3979 corporis
2031 3889 2062 3960 K
2088 3893 2165 3983 lapii

637 4013 686 4072 ox
711 3989 745 4062 K
769 3987 811 4059 ad
836 3983 894 4072 G,
919 3980 1007 4053 &iu
1026 3899 1162 4050 larneffi
1177 3973 1256 4049 an
1279 3975 1382 4070 prelia
1408 3998 1428 4047 a
1452 3975 1610 4051 columnd
1636 3973 1711 4048 KG
1737 3976 1809 4050 sunt
1837 3985 1998 4074 aequales,
2023 3990 2165 4078 proinde

646 4089 835 4164 velocitates
857 4098 951 4155 erunt
975 4077 1127 4173 aequales.

532 4197 535 4202 '
700 4184 937 4282 Experimento
960 4174 1165 4254 confirmarit
1182 4168 1270 4247 hanc
1293 4169 1553 4264 Proposttionem
1574 4169 1667 4246 Nob.
1683 4170 1826 4246 Polenus
1851 4175 1953 4274 (b)a
1978 4176 2098 4254 Fando
2114 4206 2168 4255 va·

639 4286 712 4367 ¹iis,
737 4279 797 4375 tp.
821 4279 922 4374 pedes
945 4273 1021 4357 alti,
1044 4267 1175 4347 inseruit
1199 4269 1314 4341 tubum
1339 4290 1374 4364 7.
1398 4271 1498 4342 lineas
1522 4271 1578 4341 lon
1604 4292 1678 4358 um,
1703 4270 1937 4363 cylindricam,
1961 4277 2108 4351 diametri
2135 4302 2169 4374 3.

546 4395 554 4458 ·,
642 4382 833 4462 ‚lineantmr
867 4390 1015 4462 ternpore
1043 4367 1159 4439 minuti
1189 4365 1381 4440 effluxerunt·
1411 4387 1496 4461 905.
1521 4291 1660 4459 polKees
1684 4366 1807 4462 Cubici
1830 4392 1946 4463 aquae,
1972 4375 2034 4447 save
2064 4396 2169 4471 rrse.

535 4468 562 4490 ’“
650 4477 723 4571 pol.
744 4472 949 4565 Cylindrici,
973 4467 1030 4559 qui
1056 4468 1089 4537 in
1110 4464 1317 4560 cylindrum,
1349 4464 1439 4559 cujus
1463 4466 1544 4536 δεῦε
1576 4464 1622 4535 est
1645 4467 1769 4554 tubus,
1803 4471 1970 4557 conserii,
1993 4469 2174 4571 longitudr·

597 4681 609 4700 ·
650 4562 1184 4660 senfomant1536.pedum.
1235 4562 1371 4659 Corpus
1393 4584 1489 4661 grave
1512 4559 1614 4635 libere
1639 4561 1762 4656 lapsum
1781 4583 1823 4642 ex
1843 4565 2011 4642 altitudine
2035 4591 2170 4743 radpe-

713 4701 715 4706 ·
1046 4735 1048 4740 .
2116 4689 2173 4743 unt

655 4755 699 4834 ·
720 4845 857 4926 .<e)Du
876 4841 981 4906 tranet
1003 4787 1079 4907 liiii.
1101 4785 1194 4905 dead.
1212 4843 1375 4921 lieg.1.lb.
1395 4844 1417 4907 l
1437 4841 1511 4908 deo„
1537 4857 1564 4907 r·
1584 4841 1655 4923 cap.
1675 4860 1706 4916 4·
1804 4821 1809 4830 ¹
1848 4867 1855 4880 ·

663 4975 667 4982 .
734 4924 1284 5009 rttnunumuaorrnuomua
1362 4945 1409 5010 g..
1699 4979 1702 4984 .
2171 4949 2179 4970 ·
