4992 6767
491 1296 732 1388 CAPUT
802 1296 1317 1389 VIGESIMUM
1386 1297 1833 1398 OCTAVUM.
1897 1401 1901 1407 .

1077 1601 1144 1690 De
1169 1599 1271 1711 Igne.

397 1919 431 2033 I.
457 1929 667 2011 MDXXIV.
790 1919 1032 2027 uandoquidem
1052 1920 1095 2005 de
1117 1917 1199 2029 Igne
1219 1923 1356 2027 copiose
1380 1918 1416 2006 dt
1440 1951 1554 2008 ornate
1582 1929 1726 2009 disseruit
1750 1931 1806 2009 Cl.
1823 1932 1930 2011 Boer·

402 2089 404 2094 .
813 2033 944 2118 hanins,
976 2051 1013 2103 ut
1035 2052 1110 2102 cum
1133 2050 1178 2101 eo
1206 2053 1306 2103 nemo
1328 2030 1601 2124 Philosophorum
1623 2037 1784 2126 exaequari
1807 2029 1930 2124 posst,

808 2128 877 2202 fere
907 2148 1030 2201 tantum
1052 2128 1167 2198 eadem
1191 2149 1356 2222 repetere,
1380 2151 1484 2221 pauca
1506 2151 1655 2217 mutare,
1681 2129 1717 2203 dt
1741 2131 1860 2202 addere
1884 2128 1933 2203 sas

397 2230 467 2298 trit
517 2225 606 2324 Quia
630 2227 714 2323 Ignis
740 2233 827 2316 pcne'
849 2247 965 2297 omnes
987 2224 1093 2296 sensus
1117 2223 1289 2296 subtilitate
1314 2226 1457 2321 effugit,
1489 2249 1587 2318 atque
1612 2230 1646 2298 ln
1678 2230 1769 2299 omni
1792 2228 1870 2298 Ioco
1895 2224 1934 2299 ἀ

398 2344 560 2416 corpore,
583 2327 709 2413 inquo
733 2321 878 2409 pericula
900 2321 1058 2407 facimus,
1083 2320 1210 2411 semper
1235 2320 1375 2413 praesens
1396 2320 1464 2408 est,
1496 2323 1565 2416 ejus
1584 2324 1783 2396 characteres
1805 2322 1934 2395 difficil·
2082 2381 2085 2386 .

397 2417 476 2492 lime
494 2439 670 2493 eruuntur:
696 2409 865 2488 difficultas
888 2421 1058 2505 increscit,
1083 2438 1161 2487 cum
1187 2437 1248 2490 nec
1278 2418 1364 2492 sulus
1395 2419 1526 2516 colligi,
1552 2421 1609 2493 nifi
1635 2420 1720 2492 forte
1746 2421 1842 2491 radiIs
1869 2419 1934 2492 So·

399 2513 439 2588 Iis
459 2518 638 2609 exceptIs,
670 2534 733 2582 nec
757 2515 882 2584 moeri
907 2536 963 2585 aut
990 2516 1191 2600 examinari,
1223 2535 1261 2585 ut
1284 2516 1326 2586 ad
1355 2516 1424 2609 ejus
1449 2516 1580 2608 plenam
1613 2520 1837 2613 cognitionem
1874 2537 1934 2589 ne·

401 2611 488 2682 celse
510 2630 597 2693 crat,
622 2605 735 2699 poffit:
760 2606 843 2677 Ideo
866 2610 1024 2699 quicquid
1045 2610 1087 2677 de
1108 2609 1190 2701 Igne
1220 2612 1363 2694 tradam,
1386 2612 1454 2682 fere
1479 2629 1605 2686 tantum
1629 2614 1749 2705 spectat
1774 2612 1932 2701 effeetus,

403 2728 490 2798 quos
514 2709 549 2777 in
575 2705 769 2799 corporibus
791 2702 881 2798 edit,
907 2704 1090 2793 exquibus
1122 2723 1227 2794 pauca
1252 2706 1402 2795 quadam
1427 2707 1663 2780 haesitabundus
1690 2709 1858 2793 conclusi,
1882 2712 1933 2782 in·
2047 2732 2050 2736 ·

400 2801 576 2891 comperta
600 2820 668 2889 prae
698 2793 929 2870 subtilitate&
960 2801 1088 2869 raritate
1118 2819 1270 2871 manente
1300 2801 1389 2895 Ignis
1413 2805 1542 2878 naturd.
1591 2802 1740 2874 Effettus
1763 2804 1934 2876 observan-

403 2916 486 2983 tur,
521 2893 654 2987 quando
677 2891 753 2983 plus
776 2894 859 2987 ignis
871 2895 914 2992 'in
939 2913 1083 2983 corpora
1103 2895 1241 2985 irrepit,
1273 2914 1328 2965 aut
1352 2896 1484 2981 avolat,
1514 2917 1613 2988 quam
1634 2919 1709 2969 ante
1731 2903 1845 2970 inerat.
1896 2898 1937 2974 In

401 2996 503 3087 palor-i
529 2991 605 3064 casu
628 2987 786 3061 inflantur
811 2984 846 3058 dt
867 2990 1021 3060 ratesiunt
1044 2987 1239 3079 plerumque
1262 3011 1429 3081 corpora,
1468 2991 1532 3063 srve
1559 2992 1680 3076 sinna,
1720 2994 1784 3064 sive
1810 2994 1936 3065 fluida:

402 3091 442 3164 In
463 3089 634 3183 posteriori
661 3086 734 3159 casu
753 3086 983 3159 detumescunt
1009 3079 1046 3156 &
1070 3081 1271 3176 densantur:
1304 3086 1460 3159 Attamen
1487 3091 1707 3161 increscentes
1730 3090 1874 3160 raritates
1898 3085 1935 3161 dt

403 3190 574 3262 denfitates
597 3204 794 3275 corporum,
819 3204 888 3255 oon
905 3185 976 3254 sunt
1002 3181 1218 3267 chaneteres,
1244 3184 1423 3272 exquibus
1451 3204 1523 3255 tuto
1544 3183 1671 3277 semper
1695 3184 1850 3257 concludi
1871 3208 1937 3278 po·

404 3285 464 3357 test
487 3286 643 3358 duntaxat
670 3280 786 3377 Ignem
814 3277 968 3372 irrepsisse
994 3298 1050 3350 aut
1077 3271 1245 3365 avolasse:
1277 3278 1387 3351 multis
1418 3282 1613 3373 corporibus
1641 3285 1740 3353 etiam
1764 3284 1805 3352 ab
1835 3301 1936 3374 epota

403 3402 487 3476 aqua
521 3381 662 3465 inflatis,
695 3376 732 3449 dt
764 3376 914 3450 evolante
944 3377 1082 3448 humore
1108 3374 1271 3446 densatis:
1304 3377 1389 3447 adeo
1412 3398 1449 3448 ut
1479 3380 1716 3453 incrementum
1739 3377 1936 3456 raritatis&

403 3474 567 3553 densitatis
593 3496 772 3568 corporum
796 3495 868 3568 non
893 3473 931 3544 Iit
953 3473 1115 3544 chanoer
1140 3465 1201 3542 soli
1224 3476 1294 3569 igni
1319 3478 1483 3565 proprIus.

457 3612 491 3700 s.
515 3604 711 3681 NIDXXV.
745 3603 812 3674 Sed
834 3623 877 3672 an
905 3599 993 3672 calor
1019 3596 1179 3696 &frigus
1210 3622 1278 3672 non
1297 3601 1419 3694 majori
1439 3602 1511 3695 jure
1537 3606 1622 3678 inter
1641 3604 1852 3679 Charaderes
1875 3629 1937 3683 nu·

406 3710 525 3781 metari
556 3701 715 3797 possent
746 3718 978 3791 nequaquam:
1005 3696 1121 3769 Sensus
1144 3700 1232 3767 onim
1255 3698 1378 3769 Tatius
1399 3702 1433 3770 in
1456 3700 1590 3772 homine
1608 3697 1655 3773 est
1677 3703 1855 3777 admodum
1880 3707 1939 3792 hee

408 3807 488 3891 bes,
514 3801 654 3875 rarefieri
677 3794 713 3868 dt
741 3796 865 3866 densari
890 3795 931 3865 ab
958 3792 1039 3889 Igne
1056 3814 1197 3884 corpora
1216 3794 1387 3879 uidemus,
1421 3816 1594 3889 antequam
1619 3800 1671 3871 vel
1695 3801 1854 3873 tantillum
1880 3824 1935 3874 ca·

404 3903 486 3975 loris
512 3899 682 3995 frigorisve
706 3892 811 3964 Tadu
833 3890 1014 3963 sentimus:
1046 3889 1205 3963 Praeterea
1230 3892 1324 3964 calor
1350 3889 1386 3965 ἃ
1413 3892 1514 3989 frigus
1536 3898 1570 3966 in
1589 3900 1784 3989 corporibus
1805 3900 1937 3970 relatio·

407 4020 483 4071 nem
518 3998 559 4068 ad
593 3994 718 4089 Organi
751 3989 851 4062 nostri
884 3986 1150 4060 constitutionem
1181 3990 1333 4060 habente
1366 3988 1444 4061 Nec
1469 4012 1626 4087 organum
1655 3999 1781 4087 absque
1805 3996 1937 4070 laefione

409 4096 595 4169 violentiam
620 4091 725 4187 ignis,
748 4107 804 4159 aut
827 4087 962 4183 injurias
986 4084 1114 4182 frigoris
1137 4083 1222 4157 serre
1244 4086 1363 4178 potest.

457 4232 488 4335 s.
513 4229 726 4306 MDXXVI.
750 4229 804 4300 An
825 4246 933 4299 autem
959 4226 1109 4313 Lumen,
1133 4228 1233 4301 visum
1258 4229 1398 4315 seriens,
1431 4229 1680 4303 Charadetibus
1705 4227 1794 4324 Ignis
1819 4225 1936 4300 adscri-

410 4338 445 4409 bi
467 4355 536 4406 non
562 4327 716 4422 poterit?
749 4329 826 4418 quia
856 4327 1043 4418 ubicunque
1068 4324 1205 4399 multum
1234 4327 1280 4398 est
1308 4329 1418 4424 ignis,
1450 4329 1561 4400 lumen
1587 4327 1678 4399 fimul
1704 4324 1809 4397 adesse
1836 4324 1935 4412 solet,

411 4436 460 4507 uti
485 4433 518 4500 ln
543 4428 693 4510 flamma,
718 4415 754 4495 dt
785 4422 940 4494 incendio
965 4425 1147 4496 ardentium
1169 4446 1378 4516 corporum,
1413 4421 1448 4496 dt
1475 4428 1508 4497 in
1533 4426 1628 4497 radiis
1655 4425 1740 4496 Solis
1765 4423 1811 4494 est
1834 4424 1937 4495 mani-

410 4530 538 4603 festum.
587 4524 652 4598 Sed
681 4521 827 4614 quamvls
855 4518 1055 4593 luculentum
1089 4523 1204 4618 Ignem
1232 4522 1333 4594 soleat
1365 4526 1512 4594 comitari
1539 4524 1616 4606 lux,
1641 4522 1718 4593 inde
1742 4543 1809 4593 non
1835 4520 1939 4610 sequi·

413 4646 487 4707 tur,
511 4621 742 4712 perpauculum
769 4619 853 4713 ignis
875 4620 972 4688 etiarn
993 4619 1124 4690 lucere:
1150 4619 1276 4711 EcquIs
1299 4623 1385 4692 enim
1407 4642 1559 4713 expertus
1588 4619 1661 4706 eli,
1695 4620 1789 4690 lnllar
1814 4617 1940 4712 sangui·

413 4727 465 4795 nis
488 4719 618 4788 humani
641 4717 800 4788 calentem
820 4714 974 4806 Aquam,
999 4737 1054 4787 aut
1078 4715 1220 4802 Oleum,
1246 4738 1300 4787 aut
1315 4717 1488 4790 Metallum
1512 4722 1545 4789 in
1569 4718 1710 4788 tenebris
1734 4718 1855 4786 nitere:
1881 4711 1939 4782 sal·

412 4840 481 4892 tem
506 4816 592 4885 acie:
611 4812 727 4896 Visus,
751 4812 869 4883 etiamsi
891 4817 1086 4898 accerrima,
1111 4813 1164 4884 hic
1192 4836 1255 4885 nos
1279 4815 1445 4886 destituit:
1478 4814 1580 4887 Forte
1602 4814 1691 4910 IgnIs
1712 4809 1747 4883 ἃ
1771 4811 1846 4882 Lux
1869 4829 1937 4878 non

412 4917 486 4992 sant
506 4933 611 4990 anum
635 4910 800 5005 idemque.
848 4909 914 4986 Sed
938 4911 962 4985 fi
983 4914 1091 4988 omnis
1115 4912 1199 5012 ignis
1228 4911 1363 5085 luisti
1387 4936 1456 4989 non
1478 4916 1585 4991 omnia
1616 4913 1700 5011 igni:
1724 4925 1864 5001 corpora
1890 4923 1939 5068 rsa·

955 5031 958 5038 ·
1328 5012 1340 5084 i
1860 5019 1944 5081 teo,
