4992 6767
536 710 623 820 ,ιι
968 680 1107 776 nn
1224 679 1616 796 noos

543 854 646 994 'altura
663 893 877 988 abripiuntur.
917 880 1094 956 Anhelitus
1113 898 1223 954 autern
1239 880 1422 970 minuimr,
1437 876 1619 975 postquem
1634 875 1755 973 glacies
1766 877 1813 950 elt
1826 878 1981 968 formatae
2015 905 2077 970 ῃ.

545 997 642 1092 spirat
660 1012 769 1068 tamea
791 985 912 1083 glacies
938 999 1088 1072 ternpore
1106 977 1216 1050 calido
1238 975 1349 1068 plures
1372 994 1500 1066 partes,
1525 996 1623 1068 quam
1647 995 1723 1046 cum
1747 975 1923 1049 intenditur
1948 979 2073 1080 frigusg

547 1098 625 1189 quia
648 1092 722 1187 plus
754 1085 841 1185 ignis
872 1099 1021 1172 tempore
1053 1074 1162 1149 caldo
1193 1072 1306 1166 inest,
1337 1075 1396 1165 qui
1418 1075 1514 1147 citius
1537 1076 1572 1146 in
1598 1073 1724 1146 Aerem
1747 1070 1900 1168 frigidum
1926 1080 2077 1156 involans

548 1193 624 1291 plus
646 1192 753 1282 Aquae
778 1182 886 1254 secum
907 1178 1000 1270 rapit
2131 1225 2135 1232 .

602 1313 634 1414 5.
659 1300 1010 1396 MCCCCXCVlll.
1036 1297 1137 1392 Aque
1156 1298 1198 1370 ab
1219 1296 1309 1370 nere
1331 1315 1466 1396 purgata
1491 1292 1526 1369 ἀ
1550 1298 1655 1392 polita
1670 1301 1705 1374 in
1719 1316 1847 1384 vacuo,
1870 1299 1970 1374 relin
1986 1303 2082 1397 phin.

548 1401 743 1495 inclausa,
774 1425 811 1478 ut
834 1404 907 1478 Αὲι
925 1398 1052 1497 ingredi
1072 1413 1241 1487 nequeat,
1272 1393 1338 1486 sub·
1351 1396 1409 1469 dio
1432 1396 1529 1480 citius
1553 1396 1707 1494 congelat
1729 1417 1816 1494 aqua
1840 1396 1893 1468 vul
1936 1403 1991 1485 ri,
2019 1402 2080 1476 nni

555 1514 613 1585 air
635 1505 739 1590 inest,
763 1503 840 1576 llcer
862 1499 955 1572 iimili
979 1499 1012 1566 in
1032 1492 1155 1588 phiala:
1180 1496 1213 1565 in
1239 1493 1470 1592 congelatione
1495 1514 1604 1566 remea
1628 1494 1742 1567 erdem
1766 1494 1875 1578 modo
1908 1493 2086 1590 precantur

557 1607 804 1703 phaenomena,
838 1619 912 1692 quae
935 1593 1049 1666 tradita
1074 1589 1145 1663 sunt
1167 1592 1203 1663 in
1224 1588 1381 1690 §.148p
1432 1589 1601 1666 Concreto
1625 1591 1696 1666 haec
1718 1613 1804 1685 equa
1827 1592 1965 1690 glaciem
1993 1595 2083 1670 exhi-

558 1709 617 1780 bet
638 1706 704 1776 line
726 1698 848 1782 bullis,
871 1694 1136 1788 homogcnerm,
1160 1701 1235 1781 quo¹
1262 1689 1440 1782 aliqnando
1464 1690 1557 1781 plue,
1580 1689 1756 1781 siquando
1772 1689 1877 1763 multo
1893 1695 1999 1764 minus
2013 1693 2088 1786 pel:

561 1803 651 1876 lineet
701 1799 784 1870 lacie
813 1792 969 1889 volgari:
996 1787 1055 1862 Ell
1087 1787 1158 1858 haec
1187 1786 1307 1898 glacies
1333 1790 1431 1859 etiarn
1457 1787 1607 1880 specifice
1632 1787 1735 1860 levior
1758 1788 1878 1878 Aqui,
1904 1811 1967 1882 pro
1992 1811 2084 1882 parre

557 1901 650 1974 eahta
675 1821 777 1969 {eluta
800 1911 894 1985 equae
916 1891 1063 1976 innatat,
1097 1880 1247 1978 &hujus
1269 1886 1413 1977 respecla
1438 1883 1485 1957 est
1510 1905 1547 1957 ut
1573 1908 1631 1957 21.
1655 1885 1696 1957 ad
1730 1909 1788 1958 ea.
1813 1891 1859 1959 uri
1892 1890 2009 1960 crebro
2036 1909 2092 1962 rc·

589 1999 677 2084 etitia
696 1987 1001 2070 observationibus,
1026 1980 1177 2066 &variis
1202 1985 1296 2060 annis
1319 1985 1456 2071 notavi,
1480 1983 1600 2054 etiamfi
1624 1987 1821 2055 contrarium
1846 1983 1983 2056 affirmet
2008 1985 2087 2082 (a)

562 2019 772 2184 flenelrlinps
796 2084 832 2159 δι
857 2081 1080 2176 Hombergius
1104 2077 1212 2173 (b):
1237 2079 1310 2170 post
1329 2101 1415 2172 quos
1436 2101 1536 2154 nemo
1559 2081 1697 2176 glaciem
1721 2078 1810 2173 aqui
1834 2087 2015 2178 graviorem
2042 2087 2087 2154 vi·

564 2191 625 2274 ¹dit.
676 2186 811 2272 Glacies
833 2201 968 2274 quoque
995 2177 1068 2250 hec
1087 2177 1121 2250 vl
1143 2179 1269 2274 ingenti
1291 2197 1477 2252 tumescens
1495 2180 1612 2252 vinces
1635 2175 1794 2278 diffringit
1817 2179 1966 2274 phialas,
1988 2181 2093 2255 veluti

564 2288 687 2389 glacies
706 2299 749 2356 ex
772 2302 858 2376 aqua
876 2277 1009 2374 vulgari

571 2467 573 2472 -
615 2414 648 2514 ς.
672 2404 986 2486 Mccccxclx.
1012 2404 1086 2478 Sive
1108 2426 1192 2498 aqua
1213 2422 1308 2478 antea
1326 2407 1441 2490 cocle,
1466 2405 1530 2478 save
1552 2406 1703 2479 naturalis
1728 2428 1798 2482 non
1822 2411 1940 2498 coela,
1963 2409 2027 2484 five
2049 2431 2094 2486 ex

567 2517 644 2588 nive
667 2510 721 2582 vel
742 2508 846 2604 glacie
868 2502 998 2586 refusa,
1031 2504 1101 2594 pari
1122 2506 1219 2595 copia
1244 2507 1279 2574 in
1300 2501 1379 2574 valis
1409 2503 1563 2576 fimilibus
1585 2525 1769 2598 exponatur
1792 2506 1896 2606 gelu,
1927 2507 2094 2604 celeriopis

568 2610 622 2690 vel
643 2607 791 2680 tardioris
817 2600 1057 2697 congelationis
1084 2599 1258 2674 discrimen
1278 2619 1350 2672 non
1368 2600 1566 2672 obiereanrr.

622 2732 657 2824 ς.
690 2725 782 2800 MD.
813 2725 848 2798 Si
879 2745 935 2797 vas
965 2742 1081 2813 aquam
1113 2724 1245 2814 capiens
1277 2724 1312 2795 in
1349 2724 1426 2794 nive
1459 2721 1515 2794 vel
1545 2719 1650 2818 glacie
1688 2719 1759 2794 rasi
1798 2741 1971 2814 ponatur,
2014 2745 2096 2817 qur·

567 2851 647 2905 eum
671 2829 825 2898 miscetur
845 2842 943 2894 tenue
968 2820 1081 2911 pollen
1098 2821 1180 2892 Salis
1205 2820 1350 2909 marini,
1383 2817 1453 2888 salis
1476 2837 1644 2914 gemmae,
1667 2817 1737 2890 salis
1758 2815 1908 2904 foetam,
1932 2819 2002 2890 salis
2026 2843 2096 2894 am·

571 2925 737 3009 moniaci,
759 2921 928 3005 aluminis,
952 2917 1091 2994 vitrioll,
1118 2919 1265 3027 borneisr
1290 2912 1436 2985 Alcolrol
1457 2916 1543 2999 vini,
1567 2913 1693 3007 spiritus
1716 2911 1786 2986 salis
1809 2916 1943 3002 manni,
1967 2915 2102 3007 spiritur

571 3016 1113 3194 teneriores.
1139 3006 1266 3178 trin
1287 3011 1791 3202 erere
1805 3012 2103 3208 nen

572 3236 696 3300 mrem,
730 3211 823 3308 quod
848 3208 895 3280 est
928 3210 962 3278 in
989 3203 1073 3276 scale
1099 3203 1324 3275 thermometri
1354 3201 1574 3277 Fahrenlreitii
1597 3206 1809 3320 quadraginta
1831 3208 1990 3305 graduum
2015 3208 2101 3284 infra

573 3335 688 3391 noram
710 3314 871 3403 primam,
895 3304 918 3376 li
951 3306 985 3375 in
1011 3300 1130 3397 Belgio
1150 3299 1268 3391 hyeme
1290 3299 1419 3397 gelante
1444 3300 1637 3392 periclitatio
1661 3301 1802 3375 instituta
1815 3305 1923 3377 fuerit.
1973 3301 2096 3380 Haberi

575 3432 686 3488 autern
708 3410 834 3499 semper
853 3402 974 3502 glacies
993 3397 1101 3489 potest
1123 3419 1190 3491 ope
1212 3419 1306 3492 aquae
1329 3398 1442 3471 nivalis
1465 3399 1500 3470 in
1524 3398 1609 3471 cella
1631 3398 1779 3488 servatae,
1803 3403 1924 3473 etiamfi
1947 3401 2102 3494 lquidae,

574 3509 681 3582 modo
709 3503 844 3576 minoris
876 3497 993 3571 caloris
1020 3515 1118 3587 quam
1147 3495 1359 3592 quadraginta
1386 3494 1545 3591 grnduttnr
1577 3496 1703 3582 fuerit,
1735 3497 1812 3569 stei
1836 3499 2022 3572 infundatur
2044 3502 2098 3574 Sal

576 3603 865 3688 Ammoniacutn,
895 3591 933 3670 δι
953 3595 1032 3700 rium
1063 3592 1131 3666 hoc
1150 3591 1310 3680 solvitur,
1342 3590 1430 3666 aliud
1456 3613 1512 3668 ves
1543 3616 1661 3690 aquam
1694 3595 1918 3691 complemus
1941 3601 1975 3668 in
1999 3601 2104 3693 priori

577 3703 710 3780 steterit.

634 3831 667 3928 §-
696 3824 807 3896 MDI.
839 3819 906 3890 Sed
940 3821 1012 3891 sunt
1049 3820 1156 3893 adhuc
1196 3819 1298 3890 multe
1337 3818 1473 3893 Nature
1505 3821 1686 3910 mysteria,
1733 3847 1807 3918 quae
1838 3830 1934 3898 Ainis
1966 3825 2002 3900 &
2033 3831 2104 3926 gig.

579 3930 643 4002 ciel
663 3922 700 3994 fri
788 3916 880 3989 fimul
901 3917 1067 4008 speciant,
1098 3941 1118 3989 a
1151 3913 1309 3988 Gmelino
1342 3915 1495 4013 Kirengae
1527 3919 1691 3991 observata
1716 3921 1805 4014 (r).
1855 3925 1951 4013 Saepe
1974 3932 2108 4011 evenit,

581 4046 620 4099 ιιι
641 4020 725 4093 Cae'
754 4018 956 4088 increscente
976 4015 1096 4112 frigore
1117 4066 1131 4102 ‚
1153 4033 1209 4085 aut
1232 4011 1465 4097 decrescente,
1497 4014 1615 4088 eodem
1642 4036 1792 4107 tempore
1816 4015 1917 4114 frigas
1940 4023 1974 4090 in
1998 4020 2106 4115 glacie

581 4127 760 4200 increscat,
785 4133 841 4186 aut
864 4111 1051 4198 decrescat3
1078 4113 1131 4182 sed
1157 4131 1370 4210 augimentum
1391 4109 1521 4208 frigoris
1546 4112 1580 4182 in
1605 4111 1709 4211 glacie
1737 4111 1784 4184 est
1808 4135 1881 4185 raro
1906 4116 2030 4208 aequale
2046 4120 2105 4193 a'c'·

582 4243 670 4312 reo,
700 4212 850 4289 rariilrme
869 4212 1000 4305 majus,
1033 4208 1227 4302 plerumque
1248 4211 1378 4280 minus:
1415 4209 1491 4302 quia
1522 4211 1607 4308 ignis
1630 4209 1755 4282 facilus
1777 4212 1939 4304 citiusque
1961 4234 2008 4284 en
2026 4216 2112 4290 nere·

582 4339 681 4415 quam
707 4334 749 4386 ex
768 4312 873 4409 glaeie
896 4306 1023 4392 evolat,
1047 4304 1257 4378 decrescente
1280 4306 1357 4377 eaeli
1379 4305 1419 4377 fri
1444 4328 1519 4392 ore,
1545 4307 1735 4401 plerumque
1759 4307 1851 4382 timul
1874 4309 1990 4410 glaciei
2006 4309 2117 4410 frigas.

581 4416 764 4497 mittuitur3
799 4427 875 4480 nam
894 4402 983 4476 caelo
1008 4403 1082 4494 plus
1106 4405 1233 4475 calente
1256 4401 1384 4476 necesse
1405 4328 1452 4471 el
1475 4422 1513 4474 ut
1536 4406 1570 4475 in
1594 4405 1732 4502 glaciem
1761 4405 1833 4498 plus
1858 4409 1943 4506 ignia
1966 4410 2107 4501 irrepat,

584 4511 732 4677 gnagrhvgr
754 4527 828 4579 raro
851 4505 921 4595 peri
943 4505 1059 4594 copia,
1083 4522 1186 4592 ocyus
1205 4501 1294 4572 eninr
1317 4498 1352 4571 δι
1375 4495 1501 4573 willae
1524 4502 1610 4600 ignis
1632 4504 1668 4577 in
1690 4503 1826 4596 aerem,
1847 4526 1946 4604 quarn
1969 4505 2113 4605 pedm
2150 4599 2155 4604 Ι

587 4628 642 4680 rav
691 4679 697 4694 ,
1837 4655 1841 4670 ,

1959 4720 2011 4775 2⁰,
2034 4699 2111 4780 AB.

665 4826 1334 4910 stlwwmvfflstmnwmm

661 4915 722 4990 il)
779 4911 907 4974 emolrer
928 4912 966 4973 de
988 4908 1101 4971 l'Acrd.
1123 4906 1201 4985 Ray.
1222 4909 1276 4972 Ao.
1294 4916 1379 4981 1⁶92
1400 4921 1467 4994 pq.
1480 4911 1528 4982 η.

657 4993 717 5077 (ι)
737 4991 934 5064 &mera
954 4985 1130 5068 recopollt.
1151 4991 1240 5056 Tan,
1253 5005 1290 5064 x,
1304 5003 1373 5096 pra
1387 5001 1457 5066 sen
