4992 6767
570 593 662 704 ’Μ
971 578 1137 669 DE
1278 559 1789 664 A1ERR'

579 780 799 874 deseendetp·
818 773 1096 874 quemadmodum
1116 770 1317 888 sevientibin
1347 765 1499 861 procellis
1526 765 1890 888 semperobstrvatnrg
1915 778 1994 894 :imo
2018 805 2099 877 qu,

510 977 516 990 ·
578 863 2103 1074 nerlueuru„nusnrvmlnnleun”irriensis

579 1074 662 1168 (a)
682 1074 824 1169 analogo
848 1071 1075 1162 experimento
1098 1060 1352 1136 demonstravit:
1388 1060 1576 1148 quiescente
1603 1081 1704 1134 vento
1736 1066 1796 1137 a'e’r'
1827 1069 1869 1138 ub
1894 1077 1984 1144 omni
2009 1099 2101 1168 parte

579 1174 697 1243 itervm
718 1170 759 1241 td
778 1171 850 1240 hnc
874 1167 949 1238 loca
995 1167 1102 1235 minus
1124 1161 1211 1232 aeris
1232 1175 1326 1246 eque
1349 1153 1440 1226 detis
1458 1156 1789 1249 eomprehendentiu,
1815 1163 1937 1252 effluit,
1961 1172 2040 1244 ideo
2052 1179 2101 1248 nb

578 1268 672 1340 aurii
703 1268 789 1340 reris
816 1262 915 1336 malli
943 1216 1156 1350 dispondere
1186 1256 1305 1327 iterum
1332 1250 1500 1326 adscendit
1529 1252 1743 1344 voremus,
1776 1258 1810 1331 du
1836 1261 1978 1337 cessante
2002 1290 2099 1345 renen

578 1362 764 1455 procelloso
787 1361 954 1433 celerrime
973 1353 1148 1428 adscendit.
1893 1419 1895 1424 .

630 1471 681 1531 2⁰.
704 1455 889 1535 Descendit
914 1452 1161 1526 Mercurius-in
1183 1449 1292 1532 tubo,
1315 1448 1340 1518 li
1365 1449 1425 1519 aiir
1445 1447 1702 1522 exlnlntiunibus
1728 1447 1763 1524 dr
1783 1462 1964 1549 »vaporibus
1978 1485 2099 1556 ,quos

574 1573 672 1634 ,antea
691 1553 826 1645 copiose
846 1549 1055 1649 collegetut,
1070 1551 1232 1631 orbetur,
1249 1545 1333 1615 -hinc
1356 1561 1504 1635 tenpore
1518 1546 1848 1637 pluvie-Mercurius
1868 1558 1907 1627 vin
1922 1561 2014 1631 :rabo
2038 1564 2098 1634 lr'a·¹

578 1647 745 1724 milis'est.
788 1652 948 1722 Attamen
964 1646 1079 1739 ,pluvia
1099 1642 1237 1715 decidua
1259 1661 1328 1714 non
1342 1641 1454 1733 ,potest
1475 1641 1539 1714 else
1562 1664 1680 1739 magna
1704 1648 1796 1719 causa
1820 1649 1990 1726 descensus
2004 1657 2097 1730 Mer·

579 1750 686 1835 curii,
711 1750 788 1838 qula
811 1749 909 1818 etiam
930 1746 1015 1815 intre
1037 1741 1203 1833 Tropicos
1225 1737 1340 1832 pluit;
1367 1736 1402 1809 δι
1425 1758 1659 1831 nonnunquam
1684 1741 1894 1818 vehementer
1910 1779 1927 1835 ,·
1947 1751 2097 1844 statisque

574 1846 788 1937 ¹remporibus
805 1847 845 1917 in
868 1840 1064 1933 quibusdam
1085 1836 1299 1935 regionibus,
1332 1833 1505 1906 Mercurio
1522 1836 1644 1908 ibidem
1669 1844 1774 1928 parvis
1795 1848 2030 1920 mutationibus
2053 1855 2097 1922 uti

580 1945 678 2014 unius
697 1941 748 2013 vel
770 1939 972 2033 sesquilineae
991 1935 1120 2029 pollicis
1142 1931 1301 2026 linceio.
1350 1931 1511 2004 Praetetea
1532 1933 1679 2008 multus..
1694 1935 1781 2026 pluis.
1794 1943 1842 2014 in
1859 1941 2003 2040 Belgio,
2028 1946 2096 2018 liin

580 2039 635 2110 die
658 2038 712 2140 ser
734 2035 828 2109 lineae
849 2036 967 2128 pluviae
983 2032 1181 2116 condemn
1204 2029 1300 2119 hujus
1314 2028 1432 2119 pluvlae
1450 2029 1581 2120 pondua
1603 2029 1720 2104 efficiet
1742 2037 1867 2124 morlo,
1894 2059 1931 2110 ut
1955 2041 2096 2115 Mercu

579 2185 647 2256 rius
668 2185 702 2254 in
727 2181 809 2254 tubo
830 2145 898 2304 -72
921 2177 1015 2252 lineae
1035 2179 1142 2250 ninus
1163 2194 1351 2268 prematur,
1378 2172 1469 2298 quod
1486 2159 1877 2296 notabilemdes'eensum
1903 2204 1973 2255 non
1995 2183 2093 2258 facit:

579 2328 657 2405 ideo
675 2330 704 2404 ,st
717 2296 860 2402 eedente
879 2325 988 2418 pluvia
1010 2322 1198 2396 Mercurius
1213 2326 1249 2395 in
1273 2322 1355 2394 tubo
1379 2319 1489 2392 multis
1510 2291 1714 2396 descenderit
1724 2287 1843 2411 lineis,
1867 2348 1935 2400 non
1945 2328 2092 2419 pluviae,

577 2426 634 2498 sed
655 2427 725 2499 aliis
744 2426 846 2498 cauis
868 2422 1039 2496 descensm
1069 2420 1122 2493 hic
1144 2419 1336 2494 tribuendus
1353 2421 1431 2492 etit.
1472 2417 1705 2512 ¹Fortelnpsus
1724 2423 1868 2515 pluviae,
1902 2420 1938 2494 dt
1962 2426 2094 2499 descen·

579 2522 633 2596 sus
655 2523 816 2596 Mercurii
839 2523 873 2594 in
896 2521 979 2593 tubo
997 2521 1043 2593 ab
1065 2518 1181 2590 iisdem
1198 2517 1344 2608 pendent
1365 2516 1497 2609 mulis,
1532 2517 1558 2588 d
1582 2540 1702 2611 nempe
1719 2520 1844 2612 uliquis
1874 2540 1989 2593 ventus
2011 2524 2091 2597 inter

437 2623 442 2630 ’
579 2640 696 2692 terrem
717 2617 754 2692 dc
779 2618 902 2692 nubem
928 2615 1140 2690 intermedius
1162 2614 1343 2706 spreverim
1368 2615 1480 2686 aerem
1500 2617 1596 2688 erim
1620 2636 1663 2686 ex
1685 2616 1763 2687 loco
1787 2617 1954 2710 expellens
1979 2617 2093 2708 efficit,

578 2737 616 2796 ut
638 2716 827 2797 Mercurius
844 2717 885 2786 in
911 2714 993 2785 tubo
1018 2715 1127 2783 ninus
1145 2729 1330 2804 prematur,
1357 2707 1392 2780 dt
1414 2709 1519 2780 nubes
1541 2731 1631 2782 nnnc
1654 2733 1722 2784 non
1745 2712 1916 2785 sustentate
1932 2717 1982 2786 ab
2004 2717 2092 2789 nire

577 2812 786 2895 descendet,
815 2809 1029 2900 dsundutqne
1052 2809 1221 2897 pluviam,
1254 2804 1320 2880 lroc
1342 2804 1447 2878 modo
1467 2802 1629 2880 Mercurii
1651 2809 1686 2880 in
1706 2811 1794 2883 tubo
1813 2808 2091 2906 descensuepre·

460 2965 463 2972 -
576 2909 674 2984 cedet
695 2909 856 3000 pluviam,
882 2909 929 2975 nti
950 2902 1189 2973 observationes
1212 2902 1363 2992 probant.

629 3025 680 3097 3⁶·
705 3004 794 3074 Cum
815 2998 942 3073 rentii
967 2997 1049 3070 terri
1073 2995 1189 3068 sursum
1209 2995 1363 3089 spirantes
1387 2998 1633 3093 etmosphaemm
1655 3004 1743 3094 quos
1765 3006 1892 3080 elevant
1912 3007 1991 3079 hinc
2015 3006 2092 3082 llan-

576 3104 664 3174 tibus
680 3096 847 3171 nonnullis
866 3096 1040 3167 vendenti
1063 3093 1178 3196 Africo
1200 3095 1252 3170 vel
1274 3093 1421 3168 Favonio
1450 3099 1484 3168 in
1512 3098 1631 3194 Belgio
1661 3100 1848 3175 Mercurius
1883 3107 1918 3176 in
1943 3107 2024 3179 tubo
2045 3107 2090 3179 est

575 3197 713 3270 minoris
742 3191 946 3268 altitudinis:
986 3192 1132 3282 quamvls
1158 3212 1294 3284 quoqne
1328 3190 1446 3266 ltorutn
1478 3213 1649 3268 ventorum
1680 3198 1770 3271 calor
1799 3201 1853 3274 hic
1885 3203 1983 3274 etism
2012 3225 2089 3277 oon·

575 3311 692 3366 curtet-
1747 3349 1753 3358 -
1873 3344 1881 3362 ·
2073 3359 2075 3366 .

599 3396 680 3479 ‚4⁰.
703 3388 739 3462 Si
766 3390 788 3464 i
811 3387 897 3463 Solis
912 3386 1027 3459 -oelore
1047 3379 1160 3460 Terre
1181 3387 1285 3462 solum
1306 3385 1507 3475 incaluerit,
1539 3391 1689 3480 quod-lit
1719 3394 1931 3469 constituntm
1959 3415 1998 3470 nt
2019 3397 2087 3490 plu·

575 3488 677 3560 rimus
697 3487 732 3558 iu
758 3486 870 3559 aerem
891 3484 1074 3556 reverberet
1092 3486 1221 3571 radios3
1246 3485 1334 3570 a‘e‘r,
1358 3484 1556 3576 potillinum
1580 3487 1740 3572 inferior,
1757 3496 1932 3580 'urescet,
1957 3517 2084 3568 omnen

573 3583 770 3675 superiorem
801 3582 1003 3666 elevaturos-e
1023 3580 1088 3673 jam
1112 3581 1335 3672 utmosphaerae
1357 3603 1431 3673 pars
1453 3584 1499 3654 ibi
1523 3585 1557 3655 in
1579 3585 1678 3655 altum
1699 3586 1892 3675 adscendet,
1915 3588 1956 3664 dc
1979 3613 2085 3684 quem·

575 3682 624 3751 vis
647 3679 762 3750 eidem
789 3680 825 3750 lit
848 3677 966 3771 copii,
991 3696 1126 3767 propter
1149 3676 1180 3773 5.
1207 3678 1289 3750 adil.
1312 3675 1446 3770 &sod
1461 3681 1566 3751 minus
1584 3680 1722 3773 subjeiia
1736 3705 1896 3779 corpora,
1923 3686 1959 3760 dr
1979 3693 2085 3780 proin·

573 3776 617 3848 de
637 3779 743 3846 minus
767 3774 972 3848 Mercurium
998 3776 1032 3846 in
1058 3773 1140 3845 tubo
1168 3793 1321 3864 premet:
1354 3795 1509 3864 preterea
1537 3778 1631 3849 altius
1663 3782 1698 3850 in
1730 3778 1877 3873 supremo
1910 3784 2019 3856 limite
2041 3810 2086 3859 at·

572 3871 766 3963 mospherte
787 3875 934 3944 eminens
958 3870 1039 3957 aer,
1063 3871 1098 3943 in
1118 3891 1218 3942 omne
1233 3867 1320 3944 lanu
1338 3869 1481 3959 diffluit3
1507 3874 1599 3966 quod
1620 3875 1786 3950 columne
1805 3877 1977 3952 insilentis
2001 3903 2088 3973 pon.

571 3966 632 4042 dus
653 3969 785 4042 ulterius
806 3971 931 4044 minuit.
1745 4037 1749 4044 .
2080 4015 2087 4028 .

621 4085 674 4159 50.
698 4066 733 4138 Si
761 4069 847 4141 alitis
872 4065 1039 4141 elullicitas
1062 4066 1226 4138 minuatur
1246 4086 1448 4158 quocunque
1468 4070 1504 4141 in
1527 4069 1628 4157 loco,
1647 4072 1714 4144 tire
1738 4073 1779 4146 ab
1793 4069 2007 4159 anhelitibus,
2031 4077 2091 4148 sri-

571 4183 674 4332 fore,
699 4168 821 4250 ventis,
845 4161 898 4235 vel
921 4162 982 4232 alia
1003 4183 1198 4256 quacunque
1222 4164 1338 4250 causa,
1362 4166 1408 4235 uti
1429 4163 1448 4234 d
1469 4165 1616 4262 fulgure,
1641 4167 1796 4254 fulmine,
1816 4172 1963 4257 tonitru,
1989 4173 2090 4245 enlin

586 4260 681 4335 itibus
704 4283 724 4329 e
745 4282 834 4337 ,tetra
860 4255 1084 4348 evolmtihus,
1108 4259 1256 4352 inprimis
1276 4280 1428 4355 tempore
1449 4259 1559 4336 Terre
1583 4283 1719 4355 motus,
1742 4263 1779 4339 dr
1805 4265 1891 4340 Solis
1914 4289 1954 4339 uc
1980 4267 2087 4346 Lunae

573 4361 755 4452 gravitantis
779 4359 909 4428 ssiione
930 4350 996 4427 &o

622 4453 798 4524 llllinirnam
821 4469 928 4523 autem
950 4451 1132 4527 Barometri
1150 4453 1351 4530 aldtudinem
1375 4456 1536 4531 observavi
1560 4460 1669 4533 mense
1693 4459 1855 4557 Oslobri,
1880 4459 2088 4556 Novembri,

569 4541 773 4635 Decembri„
795 4549 971 4649 Junutrio,
995 4551 1191 4642 Februario,
1216 4553 1361 4643 Martio,
1385 4555 1490 4646 Aprili
1516 4578 1573 4650 30.
1597 4581 1756 4632 annorum
1778 4558 1894 4652 spatio.

574 4715 579 4724 ,
608 4643 766 4750 ,Εοιῦιιιιι
790 4646 895 4720 multo
916 4649 1026 4741 plures
1045 4649 1176 4766 cause,
1205 4652 1376 4749 hucusque
1394 4655 1571 4753 incognite
1594 4655 1650 4732 hic
1672 4678 1896 4736 concurruntt
1927 4661 2088 4759 quicquid

2072 4807 2085 4849 2

640 4901 703 4987 (Α)
722 4904 833 4989 ibris.
845 4908 986 4978 Menan
998 4907 1107 4993 snper.
1127 4891 1205 4982 ro,
1216 4912 1255 4978 v.
1274 4896 1322 4997 η’
1338 4927 1365 4981 ι.
1385 4929 1452 4999 pte
1466 4928 1536 4991 ιη.
