4992 6767
844 676 911 773 ,Β
954 669 1006 772 ‘E
1145 673 1197 770 in
1253 673 1398 802 QU
1435 691 1506 779 Ἀ.
1857 706 1946 812 5391·

413 873 448 969 fi,
473 877 580 967 omniu
600 869 876 986 vegetablda,·in
897 881 1009 954 omnia
1029 877 1201 964 animalia,
1225 886 1397 977 praecipue
1414 890 1449 959 in
1475 881 1584 983 pelles·
1599 883 1641 964 ἁ
1663 909 1777 968 carues
1794 895 1941 980 liceant:

319 1007 329 1026 ·
412 994 519 1066 omnia
543 985 737 1088 hujusmodi
760 1000 903 1073 corpora
927 977 1028 1051 mersa
1049 977 1107 1050 sub
1129 980 1228 1070 dqtta
1250 984 1436 1056 increscunt
1457 988 1627 1080 pondere,
1652 992 1737 1083 aqui
1761 1014 1881 1086 nempe
1905 1000 1940 1071 in

409 1101 529 1165 tnnws
553 1088 733 1179 irrepente:
757 1083 995 1152 incrementum
1020 1075 1175 1168 ponderis
1198 1079 1311 1168 primis
1341 1081 1456 1155 diebus
1486 1085 1588 1180 majus
1612 1089 1662 1160 est
1685 1111 1781 1181 quant
1805 1092 1941 1183 sequen-

409 1190 512 1268 tibus,
539 1185 700 1256 decrescit
728 1180 911 1269 deinceps,
947 1175 1001 1246 sed
1023 1174 1162 1265 paffibus
1185 1174 1366 1251 admodum
1393 1184 1622 1275 inaequalibusr
1647 1187 1668 1257 sr
1698 1210 1807 1261 autern
1831 1212 1939 1281 partes

401 1285 597 1367 ¹solvuntur,
618 1278 718 1352 dede
736 1279 864 1369 reliquo
878 1294 963 1345 caetu
978 1272 1164 1386 pelluntur,
1188 1295 1367 1365 corporum
1395 1284 1731 1371 pondus-decrescit:
1758 1286 1843 1382 Quo
1863 1312 1938 1361 cor.

519 1381 591 1452 sunt
611 1378 763 1451 molliora
782 1426 795 1463 ,
816 1375 1004 1455 tenuiora,
1036 1373 1233 1462 majorisque
1264 1371 1464 1464 superficiei,
1489 1401 1592 1472 ocyus
1621 1403 1737 1476 aquarn
1761 1388 1878 1459 bibunt
1902 1385 1937 1460 dt

404 1480 641 1575 ponderatiore
656 1475 759 1560 fiunt,
784 1474 863 1545 ideo
885 1472 1010 1565 lignum
1031 1468 1127 1566 ligno
1147 1467 1295 1556 facilius,
1315 1475 1433 1562 citius,
1459 1474 1495 1548 ἃ
1518 1481 1658 1571 amplius
1678 1483 1785 1574 Aquae
1811 1486 1938 1559 sorbete

409 1576 577 1675 Quoniam
600 1580 634 1648 in
656 1593 859 1667 corporum,
878 1589 957 1662 quae
973 1587 1204 1659 penetrantur,
1229 1572 1389 1644 meatibus
1403 1575 1461 1646 a'e'r
1475 1575 1655 1662 delitescit,
1680 1580 1938 1676 aliquandoque

410 1676 536 1767 aliquid
549 1673 744 1768 expellitur,
769 1693 838 1744 non
853 1669 984 1753 omnis3
1009 1664 1185 1760 aliquando
1203 1666 1310 1754 nihil,
1336 1691 1403 1741 tum
1424 1693 1505 1746 reto
1528 1676 1601 1747 ner
1621 1678 1664 1747 ab
1686 1679 1785 1769 Aqua
1806 1682 1941 1776 ingreila

407 1772 645 1858 condensatur,
670 1770 816 1844 densatus
844 1789 938 1860 aquae
968 1766 1098 1836 intranti
1130 1763 1269 1849 refistit,
1304 1787 1443 1862 eamque
1466 1770 1652 1866 elallicitate
1676 1776 1839 1869 expellere
1866 1782 1940 1862 niti·

407 1892 485 1943 tut:
522 1872 599 1943 ideo
627 1867 876 1961 atmosphaerae,
910 1886 985 1957 quae
1009 1884 1102 1953 aquae
1122 1863 1310 1948 incumbit,
1340 1863 1553 1940 decrescente
1581 1871 1759 1967 pondere,
1792 1897 1878 1965 aqua
1897 1898 1940 1949 ex

405 1971 566 2044 meatibus
586 1969 763 2042 mersorum
788 1983 966 2057 corporum
1001 1960 1199 2052 aliquantum
1228 1959 1427 2055 expellitur,
1460 1961 1497 2037 dt
1527 1989 1667 2061 corpora
1699 1968 1782 2042 fiunt
1816 1971 1938 2047 leuiora

406 2089 504 2160 quam
529 2088 623 2140 aute:
648 2085 762 2140 conua
779 2065 876 2137 audo
898 2058 1121 2152 atmosphaerae
1135 2057 1303 2156 pondere,
1328 2063 1403 2156 plus
1424 2084 1521 2157 aque
1546 2066 1582 2138 iu
1610 2088 1787 2159 corporum
1811 2091 1938 2144 meatus

403 2167 623 2258 imprimitur,
655 2186 723 2257 quo
745 2163 828 2235 fiunt
851 2164 969 2232 iterum
991 2160 1137 2256 grauiora
1154 2181 1168 2227 :-
1197 2155 1321 2233 Calore
1352 2159 1589 2255 Atmosphaerae
1615 2164 1838 2253 increscente,
1863 2169 1935 2242 Ait

402 2265 438 2336 iu
463 2264 626 2336 canalibus
648 2283 828 2354 corporum
856 2257 1008 2342 rarescit,
1027 2254 1165 2347 expellit
1187 2256 1348 2347 Aquam,
1380 2256 1533 2352 fiuntque
1558 2280 1697 2351 corpora
1720 2265 1828 2334 minus
1853 2286 1939 2356 pon·

400 2359 539 2436 derosa:
572 2360 809 2450 Atmosphaerae
834 2358 954 2449 frigore
983 2353 1114 2439 audo,
1147 2351 1363 2426 condensatur
1385 2358 1458 2429 Aer
1487 2358 1521 2429 iu
1544 2379 1722 2451 corporum
1750 2362 1936 2452 meatibus,

385 2479 489 2550 ,quos
515 2458 708 2550 plusatquoe¹
732 2455 940 2550 ingreditur,
973 2470 1114 2541 corpora
1136 2470 1332 2546 aggravans.
1389 2449 1478 2550 Quia
1499 2454 1598 2545 Aqua
1623 2455 1749 2528 emollit
1770 2479 1936 2551 corpom,

387 2555 498 2644 ,solvit
536 2558 634 2624 etiam
667 2550 842 2623 nonnullas
874 2568 1008 2637 partes,
1047 2568 1127 2635 quas
1160 2548 1309 2638 abripit,
1346 2551 1424 2623 ideo
1455 2551 1570 2623 eadem
1602 2575 1741 2646 corpora
1776 2576 1817 2625 ex
1852 2579 1937 2648 aqua

391 2669 556 2732 exeunte,
581 2650 718 2729 ficcata,
743 2643 779 2715 dt
805 2642 1002 2734 ponderata,
1026 2644 1161 2711 muneris
1184 2643 1341 2730 ponderis
1365 2669 1462 2736 quant
1485 2652 1518 2721 in
1540 2650 1635 2721 initio
1658 2673 1779 2739 erant,
1817 2654 1935 2747 depre-

403 2743 636 2837 henduntur(
675 2742 710 2835 ).
817 2813 821 2820 ,
999 2783 1003 2790 -

463 2860 899 2965 §.MCCCCLXXX1V.
932 2863 1030 2953 Aqua
1060 2866 1094 2934 in
1134 2864 1246 2934 edient
1276 2866 1380 2938 multa
1409 2889 1576 2960 corpora,
1621 2892 1659 2942 eu
1690 2877 1937 2964 quoquoversus

400 2965 595 3051 tumefecit,
628 2962 816 3050 viribusque
844 2962 1031 3060 ingentibus
1058 2962 1093 3031 in
1123 2981 1180 3031 att
1212 2960 1289 3032 ideo
1306 2961 1409 3033 tunes
1440 2968 1530 3055 prius
1554 2966 1656 3051 ficei,
1688 2969 1808 3042 deinde
1834 2972 1936 3064 Aqua

400 3064 538 3160 aspersu,
567 3061 602 3133 dt
616 3055 807 3142 madefacti,
830 3058 1085 3127 intumescentes
1101 3055 1132 3126 se
1151 3058 1369 3142 contrahunt,
1394 3056 1515 3153 &jam
1540 3062 1705 3133 breviores
1729 3067 1859 3154 pondus
1884 3072 1935 3142 in·

399 3188 482 3265 gens
507 3161 645 3245 tollunt,
672 3158 719 3228 uti
744 3152 1035 3241 Constantinopoli
1060 3153 1095 3223 in
1118 3153 1277 3249 erigendo
1294 3156 1460 3245 obelisco,
1487 3159 1543 3248 qui
1558 3157 1604 3229 est
1627 3161 1661 3229 in
1691 3158 1934 3254 hippodromo,

399 3263 573 3360 probatum
591 3257 651 3331 fuit
677 3251 776 3349 (b),
803 3245 929 3324 turn&
957 3248 1078 3321 Romae
1102 3270 1180 3322 cum
1206 3250 1377 3339 obelisco,
1402 3256 1460 3345 qui
1487 3255 1611 3326 eratin
1637 3253 1743 3327 Circo
1765 3262 1931 3351 maximo,

386 3345 488 3436 'nunc
508 3357 567 3430 stat
584 3375 659 3427 ante
680 3349 839 3441 templum
856 3348 921 3424 diei
936 3344 1044 3432 Petri,
1073 3346 1126 3417 hic
1149 3368 1191 3419 ex
1207 3346 1363 3446 AEgypto
1388 3348 1557 3422 translatus
1573 3350 1619 3422 est
1645 3349 1813 3440 Romam,
1839 3358 1933 3450 cujus

384 3439 392 3546 J
400 3457 566 3530 historiam
587 3449 717 3523 tradidit
741 3445 937 3520 Ammianus
961 3441 1178 3515 Marcellinus
1206 3446 1284 3538 (c).
1333 3444 1465 3517 Eodem
1480 3447 1584 3517 modd
1600 3447 1727 3545 Ligna,
1751 3451 1840 3540 Pisa,
1866 3455 1930 3527 Fa·

399 3557 452 3628 bae
483 3550 677 3633 licciffltnae,
703 3566 776 3636 quae
799 3543 887 3614 cauis
910 3540 1088 3642 linnuque
1104 3538 1224 3611 inclusa
1246 3544 1442 3633 corporibus
1469 3544 1687 3631 coireentur,
1711 3547 1754 3619 ab
1777 3572 1860 3641 aqua
1883 3552 1932 3625 af·

398 3651 468 3727 susa
500 3653 743 3720 intumescunt:
779 3634 869 3710 Nam
889 3635 923 3708 'a
953 3634 1030 3728 pilis
1059 3631 1094 3706 dt
1121 3633 1205 3706 fabis
1239 3638 1273 3708 in
1298 3636 1401 3710 fistula
1426 3636 1530 3709 ferrea
1568 3659 1646 3711 cum
1674 3645 1771 3734 Aqua
1797 3650 1929 3739 clausis,

398 3749 559 3844 frangitur
583 3737 685 3814 fistula
712 3735 800 3827 (d):
825 3734 921 3806 cunei
943 3752 985 3804 ex
1008 3750 1141 3818 tenero,
1167 3731 1278 3821 molli,
1304 3735 1457 3827 decoque
1478 3734 1501 3806 li
1549 3755 1703 3810 ocreuae
1726 3740 1842 3832 lapidis
1856 3768 1929 3819 rno-

305 3841 308 3847 ’
398 3828 474 3920 laris
497 3846 531 3913 in
553 3836 729 3913 rotundum
749 3831 864 3916 infixi,
888 3827 1055 3925 aspergine
1069 3825 1244 3914 inflantur,
1269 3828 1410 3923 lapidem
1440 3849 1507 3903 atto
1521 3832 1592 3905 lunt
1621 3830 1697 3906 &a
1722 3838 1844 3931 reliqua
1874 3867 1929 3920 ru·

396 3965 441 4037 pe
464 3938 645 4012 divellunt:
679 3932 749 4020 hoc
773 3931 871 4028 pado
886 3928 1049 4023 ¹ingentes
1071 3925 1178 3998 moles
1205 3947 1247 3998 ex
1276 3926 1457 4022 lapicidinis
1479 3930 1714 4022 extrahuntur,
1739 3957 1847 4030 partes
1872 3964 1926 4014 ru·

387 4120 390 4126 ,
397 4042 489 4133 pium
503 4035 726 4134 ¹franguntur,
747 4027 911 4128 'muniuit
935 4022 1112 4098 finduntur.

441 4192 472 4292 q.
503 4172 897 4262 MCCCCLXXXV.
929 4174 1080 4271 Qualitas
1111 4174 1338 4248 tumefaciendi
1367 4174 1602 4273 Vegetabilia‚
1647 4179 1926 4274 contrabendiqoe

397 4269 932 4378 funes,est'prop1taaque,2&
955 4274 1068 4378 aqueis
1093 4269 1233 4363 fluidis,
1263 4294 1470 4367 nequaquam
1496 4274 1608 4349 oleis:
1640 4271 1730 4346 Nam
1762 4278 1927 4448 διονίἓωε
2016 4287 2019 4292 “

442 4427 444 4432 .
1870 4399 1927 4452 unt

385 4612 390 4628 ·’
471 4610 528 4691 (a)
547 4583 660 4670 nutu.
686 4601 724 4665 de
740 4579 856 4665 l’dcad
875 4598 953 4680 Ray.
972 4598 1025 4663 Aa.
1044 4581 1130 4677 174'4.
1169 4597 1335 4661 Memolres
1358 4580 1543 4677 presentezt
1563 4591 1760 4664 L'Academie
1784 4595 1871 4666 Tem.
1895 4621 1922 4666 t.

475 4701 728 4846 (r)⁹riris's3{‡r‘us
750 4762 782 4821 lo
798 4759 901 4838 Legat.
922 4757 1047 4821 Tureier
1060 4739 1087 4827 .’
1101 4754 1227 4838 Epistol.
1251 4771 1293 4821 ν.
1318 4755 1469 4858 Merseuul
1499 4759 1671 4824 Harmonic.
1693 4762 1759 4824 utut
1784 4777 1811 4836 3.
1835 4778 1922 4841 prop.

474 4925 488 4991 l
495 4924 530 5000 c)
547 4857 823 4993 {lb-plaiglllrcsu·
850 4933 878 4989 7·
904 4916 1036 5011 dalileus
1054 4918 1087 4984 lu
1106 4915 1225 5002 uiator.
1244 4915 1384 4984 Mecum

472 5004 532 5085 (d)
552 5000 643 5068 Hales
666 4994 828 5077 veternare
847 4996 966 5066 Surus.
989 5039 992 5043 -
1025 5018 1027 5024 ·
1205 5010 1209 5018 ·
1377 5043 1379 5047 .
