4992 6767
814 718 864 809 o
919 688 1013 807 κ’
1094 724 1212 811 ro
1267 724 1315 812 u
1371 724 1428 811 rr:
1792 734 1878 844 arr

356 914 429 990 edit
451 915 596 991 meum:
621 913 773 1011 adeoque
792 916 846 990 illa
872 915 1000 987 flamme
1022 937 1091 989 non
1115 918 1160 989 est
1183 938 1284 1010 purus
1307 913 1343 989 dt
1368 939 1475 990 merus
1497 899 1608 1017 ignis:
1630 921 1700 993 imo
1724 920 1753 992 fr·
1772 924 1807 993 in
1830 928 1879 998 vi·

359 1032 432 1086 treo
451 1018 628 1108 recipiente
650 1016 791 1101 ardeat,
822 1035 919 1106 quam
953 1013 1128 1105 plurimum
1155 1022 1285 1106 vaporis
1310 1019 1485 1107 parietibus
1509 1018 1541 1087 se
1565 1017 1722 1113 adjungit.
1773 1017 1879 1092 Alco·

358 1109 414 1182 bol
440 1113 475 1183 in
502 1113 666 1210 digestore
689 1111 805 1206 Papini
835 1112 1019 1184 vehementi
1052 1114 1127 1207 igne
1159 1112 1276 1184 bihorii
1301 1114 1403 1205 spatio
1427 1116 1589 1200 eodum,
1623 1113 1818 1187 nullomodo
1841 1119 1877 1189 in

354 1211 466 1303 ignem
489 1211 679 1284 conversum
699 1210 770 1282 fitit.
813 1209 870 1300 '4·.
895 1205 941 1279 Et
965 1208 987 1278 ll
1010 1231 1151 1300 corpora
1172 1213 1206 1281 in
1228 1212 1336 1306 ignem
1362 1232 1583 1299 verterentur,
1607 1215 1691 1309 ignis
1716 1215 1876 1304 quantitas

355 1306 390 1376 iu
414 1325 501 1377 terra
519 1307 742 1393 incresceret,
765 1305 850 1380 adeo
870 1325 906 1376 ut
927 1304 969 1375 ad
989 1326 1168 1379 extromum
1186 1314 1294 1380 omnis
1317 1308 1418 1380 Terra
1443 1313 1640 1406 ignesceret;
1667 1328 1736 1382 tum
1758 1313 1876 1382 cunels

352 1405 520 1493 perirent,
544 1426 619 1478 cum
641 1408 724 1502 ignis
745 1405 955 1476 determinata
977 1405 1080 1474 modo
1102 1407 1199 1496 copia
1218 1406 1260 1474 ad
1284 1410 1521 1502 vegetationem
1545 1407 1753 1501 plantarum,
1777 1424 1814 1477 ut
1838 1403 1875 1479 dt

354 1498 398 1568 sd
419 1502 517 1577 vitam
536 1502 721 1575 animalium
746 1502 784 1572 fit
808 1497 991 1571 necessaria.
1047 1498 1154 1572 Notas
1184 1521 1319 1588 nmen,
1351 1506 1468 1594 quibus
1492 1507 1575 1598 ignis
1600 1527 1618 1575 a
1644 1501 1774 1595 reliquis
1798 1524 1874 1575 cor-

355 1598 493 1687 poribus
507 1596 666 1684 utens,
691 1619 809 1693 praeter
822 1599 1027 1682 tenuitatem,
1041 1602 1106 1669 vim
1122 1596 1347 1686 rarefaciendi,
1361 1596 1396 1670 dt
1410 1604 1640 1692 proprietatem
1657 1600 1787 1672 lucendi
1804 1621 1875 1672 nou

354 1693 532 1765 novimus:
557 1719 632 1769 nam
657 1699 690 1768 in
713 1696 786 1767 aliis
808 1696 961 1767 convenit
982 1716 1058 1765 cum
1075 1695 1229 1766 omnibus
1253 1698 1467 1767 examinatis:
1494 1693 1528 1768 dt
1553 1704 1611 1789 qui
1636 1701 1669 1768 in
1694 1698 1789 1768 calce·
1807 1716 1876 1769 me·

353 1787 506 1861 tallorum
531 1790 754 1891 &glebarum
777 1794 947 1883 quiescens
973 1791 1154 1875 delitescit,
1178 1814 1198 1861 a
1219 1793 1351 1883 reliquis
1376 1796 1573 1883 corporibus
1597 1792 1728 1864 differre
1745 1814 1812 1865 non
1829 1794 1875 1865 vi·

351 1881 477 1971 detur,¹
492 1889 548 1962 uili
572 1895 688 1963 iterum
710 1891 853 1972 laxetur,
878 1884 1124 1979 secematurque
1145 1887 1163 1958 d
1188 1892 1333 1979 partibus
1356 1911 1552 1981 corporum,
1578 1893 1699 1980 quibus
1724 1890 1875 1961 inlraeres·

352 1981 478 2072 cebet;
510 1989 556 2059 uti
584 1987 620 2058 iit
641 2009 716 2058 cum
741 1985 845 2083 glebae
870 1982 968 2055 calcis
999 1988 1034 2057 in
1062 2006 1146 2075 aqua
1169 1990 1412 2081 extinguuntur.
1461 1987 1617 2057 Attamen
1643 2008 1720 2058 cum
1746 1984 1874 2057 Natura

348 2079 384 2148 in
404 2081 514 2156 multis
536 2084 761 2156 occationibus
784 2102 886 2154 unum
910 2101 1012 2177 genus
1036 2101 1211 2172 corponnn
1229 2086 1262 2152 in
1275 2082 1410 2153 alterum
1426 2085 1609 2167 convertit,
1636 2084 1683 2152 uti
1699 2102 1768 2152 non
1783 2082 1870 2153 male

351 2180 475 2249 notavit
498 2177 684 2252 Neutonus
711 2179 825 2274 (a),
856 2177 934 2248 ideo
956 2178 1036 2250 nihil
1059 2179 1150 2267 quod
1174 2179 1318 2250 absolute
1348 2179 1602 2251 demonstratum
1626 2178 1700 2267 est,
1732 2177 1872 2270 proferri

350 2268 418 2440 hiatu
433 2277 550 2365 potest.
604 2277 732 2350 Verum
767 2275 813 2346 est
841 2274 987 2344 doctrina
1020 2273 1062 2342 de
1093 2272 1175 2368 igne
1199 2274 1283 2344 adeo
1311 2278 1421 2366 ampla
1446 2272 1646 2360 defendis,
1680 2289 1716 2346 ut
1740 2274 1871 2346 dicendi

349 2386 373 2438 n
420 2375 515 2445 usit
540 2374 622 2445 finis

402 2487 479 2537 uso.
504 2468 598 2561 Quid
618 2467 662 2537 eil
683 2466 803 2560 Frigus
825 2460 1006 2536 absolutum
1027 2466 1062 2535 in
1083 2464 1317 2566 corporibusl„
1347 2466 1436 2564 Ignis
1467 2470 1574 2541 omnis
1600 2466 1771 2553 absentia,
1803 2484 1873 2538 noa

347 2558 486 2650 aliquod
509 2563 680 2655 positivum
694 2580 751 2630 aut
766 2581 974 2649 corporeum.
1023 2564 1027 2570 '

453 2667 469 2700 0
1220 2660 1227 2674 .
1608 2665 1616 2681 .
1661 2665 1669 2681 .
1717 2665 1725 2680 .

349 2678 482 2825 nil·
496 2659 565 2845 ,li
585 2657 1001 2845 lll‘sig‘lssinlllrlr
1022 2659 1341 2835 illinunt
1367 2657 1873 2846 {trilinmlzpl‘lit‘l‘ir

349 2869 415 2931 me,
440 2851 634 2920 illustrantur
656 2849 733 2917 luce
754 2847 856 2934 Solis,
886 2850 1010 2930 Lunae,
1035 2847 1262 2933 Planetarum,
1288 2846 1323 2919 dt
1348 2849 1519 2921 Stellarum
1544 2851 1695 2921 lixarum:
1720 2850 1873 2921 Folfores

347 2945 384 3015 iu
404 2941 526 3015 fodinis
549 2942 798 3035 profundiffimis
820 2946 1033 3033 experiuntur
1051 2945 1194 3015 calorem
1218 2941 1253 3013 dt
1278 2947 1388 3039 ignem
1424 2946 1689 3017 subterraneum:
1722 2945 1799 3015 ideo
1823 2946 1873 3018 in·

348 3059 474 3111 certum
496 3041 569 3123 est,
602 3061 642 3111 an
665 3039 798 3128 quidem
824 3039 910 3109 ullus
929 3042 964 3110 in
994 3039 1096 3111 Terra
1117 3042 1211 3111 locus
1236 3040 1273 3109 dt
1297 3045 1405 3113 omnis
1428 3062 1544 3134 expers
1567 3044 1665 3137 ignis.
1717 3037 1801 3136 Quo
1825 3041 1873 3112 al·

349 3139 414 3208 tius
433 3137 654 3208 adscendimus
676 3138 710 3205 in
733 3135 994 3225 Atmosphaeram
1012 3139 1161 3220 aeream,
1188 3157 1230 3205 eo
1252 3135 1355 3231 frigus
1379 3136 1566 3210 obser-ratur
1589 3136 1749 3228 asperius,
1777 3136 1867 3209 unde

347 3236 383 3307 iu
405 3232 683 3307 excelliffimomm
713 3235 873 3303 montium
895 3232 982 3327 jugis
1003 3235 1057 3303 nix
1081 3253 1219 3317 aeterna,
1245 3229 1402 3330 &frigus
1427 3254 1525 3305 acret
1557 3230 1771 3306 nihilominus
1795 3254 1869 3307 ver.

350 3331 429 3404 tices
452 3354 471 3400 a
494 3327 629 3402 Sole&
654 3327 760 3399 Stellis
779 3328 992 3415 illustrantur,
1018 3325 1053 3398 dt
1076 3329 1152 3400 ideo
1177 3332 1285 3401 omnis
1310 3352 1379 3401 non
1403 3332 1492 3402 abest
1516 3333 1611 3429 ignis.

399 3450 475 3518 24⁰.
500 3426 646 3522 Quando
669 3446 808 3513 corpora
833 3427 1030 3515 percipimus
1052 3423 1191 3519 frigida?
1223 3448 1300 3499 eum
1326 3430 1364 3496 iis
1387 3429 1494 3504 minus
1518 3430 1603 3521 ignis
1628 3447 1726 3518 quam
1750 3425 1867 3502 nostris

344 3529 452 3601 nervis
471 3524 578 3605 inest,
602 3543 656 3592 aut
680 3523 722 3591 ab
746 3525 822 3614 igne
842 3520 1074 3590 inhaerescente
1099 3543 1276 3611 corporum
1300 3543 1405 3610 partes
1429 3528 1547 3594 minori
1572 3542 1663 3596 motu
1688 3527 1866 3597 vibratorio

346 3642 488 3720 aguntur
510 3640 608 3708 quam
627 3614 727 3687 nostri
750 3618 838 3685 nervi
862 3618 975 3684 taetus.
1023 3615 1089 3684 Sed
1112 3615 1244 3706 quando
1269 3617 1385 3686 eaelum
1409 3638 1464 3689 aut
1488 3638 1620 3690 ventum
1645 3619 1797 3690 sentimus
1811 3620 1867 3691 fri·

374 3717 492 3787 'dumi
529 3712 606 3785 lloc
626 3716 644 3783 l
668 3714 762 3784 variis
783 3710 905 3801 pendet
924 3709 1190 3783 circumstantiis:
1222 3713 1257 3783 Si
1290 3713 1376 3783 enim
1401 3734 1495 3786 antea
1518 3736 1639 3807 corpus
1663 3714 1770 3785 calido
1796 3717 1864 3789 aeti

346 3743 621 3888 dentationum
651 3804 686 3881 dt
717 3807 803 3897 qtufi
826 3806 1048 3895 patefactum,
1086 3828 1154 3879 tum
1174 3828 1290 3880 omnes
1314 3813 1401 3880 renti
1425 3811 1712 3898 vehementiores,
1744 3831 1865 3905 corpus

343 3912 488 3986 nostrum
512 3905 670 3991 afflantes,
694 3924 849 3995 apparent
870 3902 994 3997 frigidi:
1019 3924 1157 3975 attamen
1181 3899 1282 3975 Venti
1306 3905 1593 3996 Septemtrionales
1617 3907 1744 4001 semper
1765 3911 1863 3981 nobis

344 4010 416 4080 sunt
438 4004 573 4100 frigidi,
600 4002 676 4073 licet
700 4002 733 4071 hi
754 4000 825 4069 ficei
848 4000 936 4085 lint,
962 3999 1015 4069 sed
1033 4004 1121 4073 venti
1144 4001 1298 4086 humidi,
1323 4002 1400 4073 licet
1424 4026 1493 4076 non
1517 4006 1656 4077 multum
1679 4005 1859 4101 frigentes,

344 4102 544 4177 intolerabile
565 4098 664 4194 frigus
686 4098 781 4168 nobis
805 4094 966 4166 afferunt:
994 4094 1130 4192 George
1162 4097 1354 4192 Cleghorn,
1386 4102 1443 4189 qui
1468 4100 1597 4189 pulcras
1621 4102 1861 4172 observationes

343 4205 377 4274 in
413 4200 567 4271 Minores
603 4195 765 4278 inllituit,
797 4212 888 4263 notat
918 4193 1009 4285 (b).
1043 4193 1175 4282 quando
1199 4214 1312 4264 acutus
1341 4191 1469 4266 Ventus
1501 4195 1779 4285 septemtrionalis
1812 4196 1859 4265 ibi

345 4300 423 4386 litt,
447 4298 563 4368 caelunr
585 4313 739 4385 apparere
759 4290 803 4360 ibi
826 4310 919 4379 teque
941 4288 1092 4382 frigidum
1117 4311 1155 4359 ac
1172 4292 1205 4359 in
1231 4289 1369 4384 Anglia,
1395 4292 1527 4383 quando
1553 4296 1589 4367 e.
1613 4294 1647 4363 in
1664 4288 1859 4363 Thermon.

342 4399 387 4471 est
415 4420 467 4468 ro.
489 4393 640 4490 gradibus
665 4387 841 4459 humilior:
876 4383 1021 4480 Quando
1046 4388 1078 4456 in
1104 4389 1274 4457 Autumno
1298 4385 1378 4481 largi
1403 4389 1523 4461 imbres
1546 4392 1592 4462 ibi
1616 4386 1764 4474 cadunt,
1796 4408 1860 4460 cte·

343 4494 411 4565 lum
435 4493 580 4588 frigidius
605 4488 757 4568 sentitur,
783 4505 881 4574 quarn
903 4486 944 4553 ab
967 4486 1145 4554 mutatione
1171 4483 1412 4556 Thermometri
1438 4486 1608 4561 indicatur.

393 4610 467 4681 250.
492 4588 653 4683 Quaenam
677 4579 815 4674 proinde
841 4599 982 4673 corpora
1002 4579 1210 4678 refrigerant?
1237 4578 1330 4672 Quae
1355 4584 1462 4659 minus
1485 4586 1593 4662 calent
1616 4587 1687 4660 aliis
1710 4588 1859 4680 corpori·

1796 4682 1857 4754 bus

407 4885 472 4963 (a)
493 4889 622 4948 Nerrton
639 4883 743 4957 Optilrs
758 4883 861 4968 Quest.
878 4898 925 4955 ³0·
947 4902 1013 4960 pag.
1032 4895 1098 4959 ³4⁶·

414 4970 476 5048 (l)
496 4966 704 5029 observatione
719 4977 748 5027 at
765 4966 901 5028 Minores
916 4962 1007 5042 Cbrp.
1024 4980 1049 5032 r.
1069 4981 1137 5047 pag.
1153 4968 1202 5030 ba.

1157 5082 1325 5162 thrs
