4992 6767
589 672 1645 776 numuruoxrsroivais.
1738 677 1864 805 '1075

340 883 474 982 quaudo
498 878 562 954 esse
585 879 814 954 Eieuriciaus
842 875 1076 970 plenillimum,
1100 883 1271 974 nubesque
1294 882 1417 974 aliquas
1438 886 1471 955 iti
1494 883 1585 956 coelo
1601 903 1745 956 natantes
1763 895 1864 960 maxi-

339 1009 394 1059 ma
419 986 516 1075 copia
539 980 754 1051 elediricitatis
777 977 1010 1062 circumnefli,
1034 978 1108 1050 alias
1130 983 1182 1051 vel
1205 982 1320 1062 nulli,
1337 984 1389 1051 vel
1411 981 1535 1074 pared,
1561 987 1607 1054 uti
1623 986 1655 1053 in
1676 983 1794 1070 Capite
1819 989 1861 1057 de

339 1085 561 1157 Elefirlcitate
585 1075 712 1170 prolixe
745 1075 905 1163 probavi:
936 1076 1069 1164 quando
1101 1080 1204 1148 nubes
1233 1078 1447 1150 elestricitatis
1481 1080 1577 1172 plena
1606 1085 1747 1151 occurrit
1782 1085 1861 1154 nubi

340 1181 557 1281 pauperiori,
589 1195 668 1247 mox
691 1171 881 1243 eleflticitas
904 1195 945 1243 ex
972 1177 1072 1263 priori
1097 1178 1130 1245 in
1155 1176 1239 1245 hanc
1273 1177 1418 1249 involans
1446 1178 1552 1249 lucem
1586 1177 1862 1268 crispisulcantem

340 1285 489 1363 excitat,
514 1275 755 1368 procurritque‚
782 1271 891 1340 donec
916 1275 949 1342 in
975 1292 1110 1362 utraque
1135 1275 1249 1356 nube,
1275 1296 1339 1365 qua
1362 1296 1452 1363 parte
1480 1275 1510 1345 se
1532 1279 1758 1372 contigerant,
1792 1281 1860 1367 pati

340 1383 437 1472 copia
462 1374 625 1445 distributa
648 1370 705 1439 sit:
728 1367 845 1438 similes
865 1367 1120 1460 crispisulcantes
1143 1369 1288 1442 flammas
1314 1375 1516 1455 excitamus,
1547 1373 1679 1464 quando
1703 1374 1860 1446 elestrici·

340 1499 459 1561 tatem,
485 1495 552 1564 ope
575 1467 733 1540 machine
757 1465 950 1553 collefiam,
976 1468 1142 1563 dirigimus
1168 1470 1201 1538 in
1226 1472 1363 1540 vitreum
1386 1469 1550 1562 amplum,
1575 1471 1776 1565 longumque
1811 1495 1861 1544 tu·

339 1577 442 1659 bum,
467 1574 541 1641 aire
559 1586 717 1650 vacuum,
742 1565 795 1635 vel
817 1568 852 1635 in
877 1586 1066 1654 campanam
1093 1569 1225 1635 vitream
1247 1567 1313 1636 fine
1337 1570 1430 1653 a'e're‚
1455 1570 1538 1639 inter
1561 1567 1685 1638 fulmen
1700 1573 1800 1652 enim,
1826 1567 1863 1640 dc

339 1668 519 1745 flammulas
544 1666 601 1737 has
625 1663 789 1735 erenricus
813 1661 861 1734 est
884 1660 1025 1753 perfefia
1050 1665 1289 1753 apparitionum
1316 1664 1514 1735 similitudo:
1547 1666 1719 1736 discrimen
1754 1686 1863 1738 tamen

340 1772 406 1855 est,
432 1765 523 1859 quod
546 1764 645 1835 altera
671 1766 704 1833 in
730 1759 855 1832 sublimi
880 1761 976 1844 aste,
1002 1760 1100 1829 altera
1125 1762 1158 1829 in
1183 1759 1337 1830 rarissimo
1354 1762 1450 1845 aire,
1469 1766 1526 1852 qui
1548 1765 1582 1834 in
1601 1762 1755 1832 exhausto
1781 1766 1863 1834 tubo

340 1867 500 1957 superest,
526 1865 706 1955 contingat:
758 1857 850 1929 Solet
873 1859 940 1927 aeti
963 1855 1108 1939 coelesti,
1133 1879 1200 1946 quo
1226 1876 1374 1946 tempore
1391 1856 1561 1941 fulminat,
1586 1861 1760 1948 plurimum
1777 1861 1865 1931 elec·

341 1967 484 2036 tticitatis
511 1958 619 2032 inesse.
667 1954 835 2051 Quoniam
863 1976 905 2025 eo
935 1975 1084 2044 tempore
1116 1956 1219 2025 nubes
1245 1956 1335 2024 miris
1352 1956 1512 2049 agitantur
1534 1952 1754 2037 motibus,&
1784 1979 1865 2028 con·

337 2062 558 2140 versionibus,
583 2055 653 2126 aliae
675 2075 780 2143 partes
804 2055 939 2120 nubium
962 2051 993 2120 se
1017 2072 1096 2121 mox
1119 2054 1346 2145 contingunt,
1380 2049 1456 2122 hinc
1485 2074 1569 2122 nova
1596 2056 1736 2121 emicant
1756 2051 1865 2123 fulmi-

337 2182 399 2243 na,
424 2180 497 2246 quae
519 2157 559 2221 ab
584 2151 793 2219 cletiticitate
814 2149 964 2220 evolante
980 2169 1020 2215 ex
1042 2170 1107 2216 una
1122 2150 1156 2217 in
1178 2148 1309 2216 alteram
1332 2147 1573 2237 producuntur,
1600 2146 1716 2219 &tam
1734 2149 1789 2220 diu
1805 2148 1868 2222 du*

338 2275 427 2335 iant,
453 2251 560 2321 donec
584 2246 800 2315 elesiricitatis
825 2242 1040 2331 aequilibrium
1066 2244 1101 2311 in
1126 2241 1342 2325 nubibus,&
1368 2245 1445 2314 edre
1470 2244 1632 2315 exstiterit.

387 2345 660 2437 Crispisulcantes
677 2339 835 2430 flamma,
854 2359 1063 2432 magnacum
1083 2339 1252 2430 rapiditate
1273 2361 1522 2430 procurrentes,
1547 2344 1670 2427 a'e'rem,
1688 2362 1785 2434 quem
1804 2340 1866 2413 lin·

337 2451 439 2531 dunt,
464 2457 747 2534 promoventque,
771 2435 970 2507 condenlimt
995 2459 1062 2508 non
1088 2459 1228 2528 patum,
1264 2440 1320 2527 qui
1340 2438 1504 2509 desinente
1525 2437 1655 2511 flamma
1680 2441 1710 2510 fe
1736 2437 1868 2510 celerri-

339 2568 393 2619 me
418 2542 584 2632 explicans
608 2534 792 2604 elaflicitate
817 2532 931 2604 sonum
956 2536 1084 2630 gignit,
1109 2556 1153 2605 eo
1179 2535 1406 2623 intentiorem,
1436 2557 1505 2626 quo
1529 2536 1603 2627 plus
1632 2541 1728 2623 airis,
1753 2532 1787 2607 ἃ
1812 2556 1867 2607 ve·

337 2643 521 2713 hementius
544 2633 639 2703 fuerit
664 2628 920 2700 condensatum:
952 2634 995 2702 ita
1018 2635 1160 2721 crepitus
1184 2635 1328 2715 tonitru,
1352 2654 1371 2702 a
1396 2633 1562 2706 desinente
1580 2633 1717 2706 fulmine
1743 2633 1800 2704 fiet
1831 2653 1869 2703 u·

338 2762 423 2820 nus,
448 2733 550 2826 qualis
575 2729 676 2800 audiri
701 2726 801 2810 solet,
825 2725 962 2799 fulmine
986 2749 1091 2819 prope
1110 2727 1252 2817 aliquem
1283 2726 1493 2812 decurrente,
1519 2754 1581 2799 nec
1605 2733 1720 2822 procul
1744 2734 1785 2801 ab
1806 2731 1869 2800 ob·

340 2837 500 2908 servatore
530 2827 673 2898 finiente.
730 2824 937 2918 Bouguerius
970 2823 1299 2910 &Condamineus,
1331 2828 1364 2896 in
1387 2847 1500 2897 monte
1534 2825 1682 2897 Peruano
1712 2825 1866 2897 Pichincs

340 2933 526 3009 versantes,
563 2921 750 3014 tempestate
784 2924 1071 3013 corripiebantur,
1104 2925 1225 2994 tonitru
1256 2925 1289 2992 in
1319 2945 1378 2993 eos
1402 2923 1592 3017 grandinem
1623 2922 1868 2995 horizontaliter

341 3027 557 3120 conjiciente,
582 3021 637 3091 sed
661 3040 745 3089 unus
768 3037 892 3088 tantum
917 3022 1051 3090 tonitrui
1074 3020 1264 3090 audiebatur
1291 3023 1451 3110 crepitus:
1476 3041 1616 3090 attamen
1640 3024 1673 3091 in
1688 3019 1871 3094 aliismou·

342 3130 428 3199 tibus
461 3123 603 3216 mugitus
637 3115 719 3204 saepe
757 3114 915 3184 terribiles
946 3119 1183 3200 continuatos,
1217 3135 1283 3184 tam
1309 3114 1422 3206 supra,
1449 3137 1545 3204 quam
1572 3117 1653 3186 infra
1678 3116 1708 3186 se
1734 3118 1869 3187 audive-

339 3244 415 3296 runt
441 3219 529 3315 (a).
579 3212 780 3306 Huiusmodi
804 3213 948 3307 mugitus
970 3232 1208 3302 nonnunquam
1236 3230 1283 3300 30
1309 3211 1360 3282 vel
1387 3235 1435 3301 40
1459 3216 1589 3283 minutis
1613 3212 1759 3283 fecundis
1788 3235 1871 3286 cou-

341 3322 526 3403 tinuantur,
554 3314 812 3401 decrescuntque
838 3310 1047 3390 intensitate‚
1073 3331 1141 3400 quo
1167 3308 1209 3379 ad
1234 3305 1336 3400 majus
1360 3309 1379 3377 d
1402 3310 1497 3379 nobis
1520 3328 1695 3380 excurrunt
1720 3309 1872 3383 interval-

340 3418 434 3490 lum:
466 3413 538 3483 sunt
563 3413 651 3480 enim
676 3409 746 3479 soni
771 3410 805 3478 iti
830 3409 906 3476 adre
929 3406 1072 3476 deloco
1098 3410 1134 3476 in
1161 3405 1272 3476 locum
1294 3426 1548 3492 procurrentes:
1582 3426 1735 3498 praeterea
1769 3406 1871 3500 aliqui

339 3519 487 3584 oriuntur
511 3520 646 3594 propter
668 3507 770 3568 varias
794 3517 813 3562 a
836 3504 997 3573 nubibus,
1024 3500 1060 3560 dt
1085 3502 1126 3562 ab
1144 3497 1279 3583 objeiiis
1301 3501 1498 3566 terrestribus
1522 3503 1788 3592 repercussmnes,
1804 3503 1869 3582 five

340 3606 444 3679 Echi:
460 3602 536 3671 ideo
558 3603 591 3667 in
606 3592 842 3678 vallibusque:
863 3588 968 3674 multi,
985 3587 1126 3678 celsique
1149 3609 1278 3659 montes
1298 3593 1456 3674 ambiunt,
1475 3595 1644 3680 terribiles,
1661 3595 1695 3666 dt
1714 3595 1768 3667 diu
1784 3621 1868 3673 con·

343 3702 457 3776 tinuati
481 3696 656 3767 audiuntur
685 3688 840 3781 mugitus.
890 3683 944 3755 Ex
974 3686 1088 3756 eadem
1120 3687 1208 3756 nube
1239 3687 1351 3758 multae
1383 3689 1637 3777 crispisulcantes
1668 3691 1806 3766 flammae
1831 3697 1874 3772 si.

343 3803 411 3873 mul
436 3798 530 3868 variis
555 3786 786 3865 direflionibus
807 3802 949 3867 exeunt,
974 3803 1048 3873 quae
1070 3783 1219 3855 finientes
1240 3785 1272 3853 in
1296 3789 1389 3855 variis
1410 3785 1496 3856 ae'ris
1517 3788 1619 3883 plagis
1639 3788 1737 3860 sonos
1762 3795 1872 3882 cient,

345 3896 466 3970 diversa
489 3890 666 3971 celeritate,
688 3877 724 3953 δι
750 3901 899 3972 tempore
922 3880 1147 3951 adventantes:
1172 3883 1241 3950 imo
1261 3882 1336 3972 ipsae
1360 3882 1435 3953 lilfae
1462 3882 1600 3956 flammae
1626 3886 1722 3956 sonos
1737 3891 1769 3960 iti
1787 3892 1871 3964 aeris

345 3997 428 4068 locis
448 4014 516 4063 non
538 3985 674 4058 multum
697 3979 886 4053 distantibus
906 3978 1067 4062 ciebunt,
1098 3978 1181 4049 adeo
1206 3999 1240 4048 ut
1266 3984 1407 4071 crepitus
1439 3979 1606 4054 celerrime
1636 3986 1795 4074 crepitum
1823 3987 1872 4060 fe·

345 4113 489 4184 quatur,
532 4105 588 4156 aut
621 4079 716 4152 multi
747 4079 896 4170 proxime
926 4075 1008 4146 alios
1038 4078 1211 4166 excipiant.
1264 4074 1375 4146 Veluti
1408 4081 1441 4148 in
1460 4083 1690 4168 experimentis
1711 4082 1869 4157 elefiricis

346 4189 488 4260 scintillae
517 4185 712 4274 crepitantes
738 4177 772 4246 iu
796 4174 857 4244 alia
885 4193 1026 4264 corpora
1057 4175 1256 4244 incurrentes
1287 4196 1524 4266 nonnunquam
1557 4177 1750 4266 celerrime,
1785 4201 1872 4268 noii-

345 4307 510 4378 nimquam
534 4281 640 4352 multo
658 4275 778 4348 lentius
801 4269 833 4341 se
855 4269 1041 4363 sequuntur.

394 4384 549 4455 Flamma:
571 4378 736 4449 fulmineae
757 4372 865 4443 sitem
892 4368 1101 4442 vehementer
1124 4390 1398 4456 commoventes,
1432 4368 1468 4444 dt
1498 4394 1537 4445 ex
1568 4373 1647 4447 loco
1671 4372 1870 4467 explofouis

345 4481 567 4572 expellentes,
591 4472 764 4545 necessario
789 4488 926 4552 ventos,
953 4470 1068 4559 partim
1094 4490 1229 4559 propter
1249 4471 1417 4562 expulsum
1438 4472 1571 4558 a'erem,
1597 4478 1711 4565 partim
1736 4494 1869 4566 propter

346 4598 493 4654 ruentem
517 4575 627 4646 aiirem
653 4575 687 4643 in
717 4571 826 4642 locum
859 4588 1020 4652 vacuum,
1046 4564 1242 4638 suscitabunt
1265 4570 1450 4654 violentos,
1481 4572 1592 4662 quales
1624 4571 1788 4646 furibundi
1822 4568 1872 4642 fe·

345 4700 382 4750 re
412 4680 446 4749 in
473 4676 568 4748 omni
590 4669 744 4742 fulminea
773 4666 961 4762 tempestate
983 4665 1213 4755 observantur,
1248 4661 1285 4736 ἃ
1308 4669 1365 4761 qui
1389 4668 1624 4754 daemonibus
1645 4671 1777 4756 diversis
1808 4670 1870 4759 spi-

1730 4769 1866 4846 tabunt,
1978 4779 1983 4786 ’

418 4966 477 5048 (ι)
496 4968 634 5048 noque:
649 4962 773 5042 voyage
791 4973 829 5024 :a
848 4958 965 5036 Perua,
982 4974 1052 5041 pig.
1065 4974 1135 5027 nr.

1114 5051 1177 5150 §lv
1199 5075 1249 5132 vv
1272 5077 1319 5133 vv
