<?xml version="1.0" encoding="UTF-8"?>
<!DOCTYPE html PUBLIC "-//W3C//DTD XHTML 1.0 Transitional//EN"
    "http://www.w3.org/TR/xhtml1/DTD/xhtml1-transitional.dtd">
<html xmlns="http://www.w3.org/1999/xhtml" xml:lang="en" lang="en">
 <head>
  <title>
</title>
<meta http-equiv="Content-Type" content="text/html;charset=utf-8" />
  <meta name='ocr-system' content='tesseract 3.04.00' />
  <meta name='ocr-capabilities' content='ocr_page ocr_carea ocr_par ocr_line ocrx_word'/>
</head>
<body>
  <div class='ocr_page' id='page_1' title='image "./introductioadph00lulogoog_0469.png"; bbox 0 0 4992 6767; ppageno 0'>
   <div class='ocr_carea' id='block_1_1' title="bbox 551 629 2087 932">
    <p class='ocr_par' dir='ltr' id='par_1_1' title="bbox 551 629 2087 932">
     <span class='ocr_line' id='line_1_1' title="bbox 551 629 1860 776; baseline -0.017 -40"><span class='ocrx_word' id='word_1_1' title='bbox 551 665 638 776; x_wconf 51' lang='lat' dir='ltr'><em>W</em></span> <span class='ocrx_word' id='word_1_2' title='bbox 831 629 1860 742; x_wconf 68' lang='lat' dir='ltr'>onunnnutnur</span> 
     </span>
     <span class='ocr_line' id='line_1_2' title="bbox 557 824 2087 932; baseline -0.005 -4"><span class='ocrx_word' id='word_1_3' title='bbox 557 850 710 928; x_wconf 82' lang='lat' dir='ltr'>milliaria.</span> <span class='ocrx_word' id='word_1_4' title='bbox 726 845 864 931; x_wconf 84' lang='lat' dir='ltr'>distans,</span> <span class='ocrx_word' id='word_1_5' title='bbox 887 857 986 932; x_wconf 87' lang='lat' dir='ltr'>atque</span> <span class='ocrx_word' id='word_1_6' title='bbox 1012 836 1047 908; x_wconf 90' lang='lat' dir='ltr'>iu</span> <span class='ocrx_word' id='word_1_7' title='bbox 1069 829 1251 904; x_wconf 81' lang='lat' dir='ltr'>rotundum</span> <span class='ocrx_word' id='word_1_8' title='bbox 1273 826 1315 900; x_wconf 88' lang='lat' dir='ltr'>ad</span> <span class='ocrx_word' id='word_1_9' title='bbox 1330 824 1512 898; x_wconf 85' lang='lat' dir='ltr'>distantiam</span> <span class='ocrx_word' id='word_1_10' title='bbox 1542 845 1598 922; x_wconf 78' lang='lat'>³⁵·</span> <span class='ocrx_word' id='word_1_11' title='bbox 1614 827 1799 906; x_wconf 82' lang='lat' dir='ltr'>milliarium</span> <span class='ocrx_word' id='word_1_12' title='bbox 1814 837 2087 925; x_wconf 84' lang='lat' dir='ltr'>obtexeruotter·</span> 
     </span>
    </p>
   </div>
   <div class='ocr_carea' id='block_1_2' title="bbox 451 948 2169 3832">
    <p class='ocr_par' dir='ltr' id='par_1_2' title="bbox 558 971 729 1029">
     <span class='ocr_line' id='line_1_3' title="bbox 558 971 729 1029; baseline -0.006 -8"><span class='ocrx_word' id='word_1_13' title='bbox 558 974 610 1029; x_wconf 77' lang='lat' dir='ltr'>ras</span> <span class='ocrx_word' id='word_1_14' title='bbox 663 971 688 1020; x_wconf 80' lang='lat' dir='ltr'>a</span> <span class='ocrx_word' id='word_1_15' title='bbox 719 1001 729 1020; x_wconf 90' lang='lat'><strong>.</strong></span> 
     </span>
    </p>

    <p class='ocr_par' dir='ltr' id='par_1_3' title="bbox 624 948 2088 1136">
     <span class='ocr_line' id='line_1_4' title="bbox 624 948 2088 1136; baseline -0.004 -18"><span class='ocrx_word' id='word_1_16' title='bbox 624 949 663 1120; x_wconf 68' lang='lat' dir='ltr'>I(n</span> <span class='ocrx_word' id='word_1_17' title='bbox 689 948 793 1118; x_wconf 69' lang='lat' dir='ltr'>l)nsula</span> <span class='ocrx_word' id='word_1_18' title='bbox 814 1039 892 1133; x_wconf 86' lang='lat' dir='ltr'>Java</span> <span class='ocrx_word' id='word_1_19' title='bbox 912 1032 997 1128; x_wconf 83' lang='lat' dir='ltr'>jacet</span> <span class='ocrx_word' id='word_1_20' title='bbox 1025 1027 1162 1109; x_wconf 83' lang='lat' dir='ltr'>Mons,</span> <span class='ocrx_word' id='word_1_21' title='bbox 1192 1022 1354 1094; x_wconf 85' lang='lat' dir='ltr'>coeruleus</span> <span class='ocrx_word' id='word_1_22' title='bbox 1378 1020 1510 1108; x_wconf 77' lang='lat' dir='ltr'>dicius,</span> <span class='ocrx_word' id='word_1_23' title='bbox 1542 1026 1599 1116; x_wconf 83' lang='lat' dir='ltr'>qui</span> <span class='ocrx_word' id='word_1_24' title='bbox 1622 1027 1685 1101; x_wconf 66' lang='lat' dir='ltr'>Ao.</span> <span class='ocrx_word' id='word_1_25' title='bbox 1717 1048 1822 1125; x_wconf 79' lang='lat'>1759.</span> <span class='ocrx_word' id='word_1_26' title='bbox 1847 1038 1955 1110; x_wconf 88' lang='lat' dir='ltr'>mense</span> <span class='ocrx_word' id='word_1_27' title='bbox 1977 1042 2088 1136; x_wconf 81' lang='lat' dir='ltr'>Aprili</span> 
     </span>
    </p>

    <p class='ocr_par' dir='ltr' id='par_1_4' title="bbox 532 1118 2088 1318">
     <span class='ocr_line' id='line_1_5' title="bbox 560 1118 2088 1241; baseline -0.006 -32"><span class='ocrx_word' id='word_1_28' title='bbox 560 1164 684 1241; x_wconf 79' lang='lat' dir='ltr'>magno</span> <span class='ocrx_word' id='word_1_29' title='bbox 700 1143 832 1231; x_wconf 87' lang='lat' dir='ltr'>strepitu</span> <span class='ocrx_word' id='word_1_30' title='bbox 847 1133 958 1205; x_wconf 86' lang='lat' dir='ltr'>ardete</span> <span class='ocrx_word' id='word_1_31' title='bbox 981 1130 1100 1216; x_wconf 87' lang='lat' dir='ltr'>coepit,</span> <span class='ocrx_word' id='word_1_32' title='bbox 1126 1123 1293 1190; x_wconf 81' lang='lat' dir='ltr'>excutiens</span> <span class='ocrx_word' id='word_1_33' title='bbox 1314 1118 1437 1208; x_wconf 81' lang='lat' dir='ltr'>lapides</span> <span class='ocrx_word' id='word_1_34' title='bbox 1458 1120 1501 1192; x_wconf 85' lang='lat' dir='ltr'>ad</span> <span class='ocrx_word' id='word_1_35' title='bbox 1519 1122 1698 1198; x_wconf 84' lang='lat' dir='ltr'>distantiam</span> <span class='ocrx_word' id='word_1_36' title='bbox 1732 1130 1785 1201; x_wconf 82' lang='lat'>18.</span> <span class='ocrx_word' id='word_1_37' title='bbox 1814 1134 2016 1228; x_wconf 87' lang='lat' dir='ltr'>milliarium,</span> <span class='ocrx_word' id='word_1_38' title='bbox 2038 1148 2088 1215; x_wconf 71' lang='lat' dir='ltr'>ci.</span> 
     </span>
     <span class='ocr_line' id='line_1_6' title="bbox 532 1216 1853 1318; baseline -0.013 0"><span class='ocrx_word' id='word_1_39' title='bbox 532 1289 535 1296; x_wconf 93' lang='lat'>·</span> <span class='ocrx_word' id='word_1_40' title='bbox 561 1263 658 1318; x_wconf 84' lang='lat' dir='ltr'>netes</span> <span class='ocrx_word' id='word_1_41' title='bbox 670 1257 825 1312; x_wconf 86' lang='lat' dir='ltr'>evomens</span> <span class='ocrx_word' id='word_1_42' title='bbox 839 1247 942 1318; x_wconf 82' lang='lat' dir='ltr'>usque</span> <span class='ocrx_word' id='word_1_43' title='bbox 955 1224 997 1293; x_wconf 91' lang='lat' dir='ltr'>ad</span> <span class='ocrx_word' id='word_1_44' title='bbox 1018 1224 1132 1292; x_wconf 90' lang='lat' dir='ltr'>urbem</span> <span class='ocrx_word' id='word_1_45' title='bbox 1157 1217 1318 1318; x_wconf 81' lang='lat' dir='ltr'>Bataviae,</span> <span class='ocrx_word' id='word_1_46' title='bbox 1343 1216 1379 1286; x_wconf 78' lang='lat' dir='ltr'>dt</span> <span class='ocrx_word' id='word_1_47' title='bbox 1402 1219 1434 1288; x_wconf 89' lang='lat' dir='ltr'>in</span> <span class='ocrx_word' id='word_1_48' title='bbox 1456 1239 1553 1315; x_wconf 80' lang='lat' dir='ltr'>ugnos</span> <span class='ocrx_word' id='word_1_49' title='bbox 1574 1224 1853 1318; x_wconf 78' lang='lat' dir='ltr'><strong>circumjacentes.</strong></span> 
     </span>
    </p>

    <p class='ocr_par' dir='ltr' id='par_1_5' title="bbox 558 1315 2133 2205">
     <span class='ocr_line' id='line_1_7' title="bbox 611 1315 2088 1420; baseline -0.005 -10"><span class='ocrx_word' id='word_1_50' title='bbox 611 1337 676 1410; x_wconf 90' lang='lat' dir='ltr'>Sed</span> <span class='ocrx_word' id='word_1_51' title='bbox 703 1337 772 1407; x_wconf 92' lang='lat' dir='ltr'>sunt</span> <span class='ocrx_word' id='word_1_52' title='bbox 795 1345 929 1420; x_wconf 89' lang='lat' dir='ltr'>quoque</span> <span class='ocrx_word' id='word_1_53' title='bbox 950 1315 1107 1390; x_wconf 90' lang='lat' dir='ltr'>nonnulla</span> <span class='ocrx_word' id='word_1_54' title='bbox 1131 1333 1263 1401; x_wconf 76' lang='lat' dir='ltr'>equora</span> <span class='ocrx_word' id='word_1_55' title='bbox 1285 1333 1477 1406; x_wconf 84' lang='lat' dir='ltr'>campomm</span> <span class='ocrx_word' id='word_1_56' title='bbox 1490 1318 1645 1410; x_wconf 83' lang='lat' dir='ltr'>arenosa,</span> <span class='ocrx_word' id='word_1_57' title='bbox 1670 1325 1704 1395; x_wconf 90' lang='lat' dir='ltr'>in</span> <span class='ocrx_word' id='word_1_58' title='bbox 1721 1346 1795 1413; x_wconf 85' lang='lat' dir='ltr'>quae</span> <span class='ocrx_word' id='word_1_59' title='bbox 1811 1332 2088 1409; x_wconf 74' lang='lat' dir='ltr'>ventivehemen</span> 
     </span>
     <span class='ocr_line' id='line_1_8' title="bbox 558 1409 2087 1522; baseline 0.003 -21"><span class='ocrx_word' id='word_1_60' title='bbox 558 1457 614 1509; x_wconf 72' lang='lat' dir='ltr'>res</span> <span class='ocrx_word' id='word_1_61' title='bbox 644 1432 746 1522; x_wconf 87' lang='lat' dir='ltr'>illapst</span> <span class='ocrx_word' id='word_1_62' title='bbox 769 1420 993 1517; x_wconf 87' lang='lat' dir='ltr'>provolvunt,</span> <span class='ocrx_word' id='word_1_63' title='bbox 1023 1409 1245 1499; x_wconf 80' lang='lat' dir='ltr'>attolluntque</span> <span class='ocrx_word' id='word_1_64' title='bbox 1267 1431 1406 1496; x_wconf 79' lang='lat' dir='ltr'>arenas,</span> <span class='ocrx_word' id='word_1_65' title='bbox 1436 1413 1542 1485; x_wconf 81' lang='lat' dir='ltr'>nubes</span> <span class='ocrx_word' id='word_1_66' title='bbox 1566 1416 1642 1489; x_wconf 91' lang='lat' dir='ltr'>inde</span> <span class='ocrx_word' id='word_1_67' title='bbox 1665 1418 1830 1510; x_wconf 90' lang='lat' dir='ltr'>formant,</span> <span class='ocrx_word' id='word_1_68' title='bbox 1865 1433 2001 1517; x_wconf 83' lang='lat' dir='ltr'>quasin</span> <span class='ocrx_word' id='word_1_69' title='bbox 2027 1434 2087 1507; x_wconf 86' lang='lat' dir='ltr'>alia</span> 
     </span>
     <span class='ocr_line' id='line_1_9' title="bbox 560 1505 2133 1703; baseline -0.004 -16"><span class='ocrx_word' id='word_1_70' title='bbox 560 1505 1865 1703; x_wconf 50' lang='lat' dir='ltr'>cucullatusillitis‘salsissimum‘⁶⁵2</span> <span class='ocrx_word' id='word_1_71' title='bbox 1880 1521 1916 1690; x_wconf 60' lang='grc' dir='ltr'><em>ἓ</em></span> <span class='ocrx_word' id='word_1_72' title='bbox 1930 1526 2089 1696; x_wconf 62' lang='lat' dir='ltr'>s¹¹ff⁰8¹¹⁶</span> <span class='ocrx_word' id='word_1_73' title='bbox 2128 1629 2133 1637; x_wconf 94' lang='lat'>-</span> 
     </span>
     <span class='ocr_line' id='line_1_10' title="bbox 563 1634 2089 1815; baseline 0.003 -28"><span class='ocrx_word' id='word_1_74' title='bbox 563 1647 625 1794; x_wconf 56' lang='lat' dir='ltr'>{ng</span> <span class='ocrx_word' id='word_1_75' title='bbox 640 1719 734 1815; x_wconf 85' lang='lat' dir='ltr'>(b),</span> <span class='ocrx_word' id='word_1_76' title='bbox 759 1732 929 1810; x_wconf 85' lang='lat' dir='ltr'>magnam,</span> <span class='ocrx_word' id='word_1_77' title='bbox 952 1706 1077 1796; x_wconf 85' lang='lat' dir='ltr'>inquit,</span> <span class='ocrx_word' id='word_1_78' title='bbox 1102 1721 1226 1794; x_wconf 89' lang='lat' dir='ltr'>partem</span> <span class='ocrx_word' id='word_1_79' title='bbox 1241 1700 1387 1792; x_wconf 87' lang='lat' dir='ltr'>ejusdem</span> <span class='ocrx_word' id='word_1_80' title='bbox 1410 1722 1501 1776; x_wconf 77' lang='lat' dir='ltr'>terre</span> <span class='ocrx_word' id='word_1_81' title='bbox 1524 1704 1646 1777; x_wconf 87' lang='lat' dir='ltr'>steriles</span> <span class='ocrx_word' id='word_1_82' title='bbox 1668 1634 1774 1782; x_wconf 61' lang='grc' dir='ltr'>ατξιιῃεε</span> <span class='ocrx_word' id='word_1_83' title='bbox 1791 1639 2089 1812; x_wconf 49' lang='grc' dir='ltr'>ιὲηὲεῒῃΐξυιίξάῐι</span> 
     </span>
     <span class='ocr_line' id='line_1_11' title="bbox 563 1797 2088 1910; baseline 0.001 -19"><span class='ocrx_word' id='word_1_84' title='bbox 563 1819 707 1892; x_wconf 85' lang='lat' dir='ltr'>siccitate</span> <span class='ocrx_word' id='word_1_85' title='bbox 728 1818 820 1910; x_wconf 87' lang='lat' dir='ltr'>regio</span> <span class='ocrx_word' id='word_1_86' title='bbox 845 1828 913 1882; x_wconf 91' lang='lat' dir='ltr'>non</span> <span class='ocrx_word' id='word_1_87' title='bbox 932 1804 1122 1886; x_wconf 87' lang='lat' dir='ltr'>hominem,</span> <span class='ocrx_word' id='word_1_88' title='bbox 1147 1818 1216 1870; x_wconf 89' lang='lat' dir='ltr'>non</span> <span class='ocrx_word' id='word_1_89' title='bbox 1235 1797 1364 1892; x_wconf 78' lang='lat' dir='ltr'>frugem</span> <span class='ocrx_word' id='word_1_90' title='bbox 1390 1797 1464 1872; x_wconf 85' lang='lat' dir='ltr'>alit:</span> <span class='ocrx_word' id='word_1_91' title='bbox 1489 1821 1594 1892; x_wconf 91' lang='lat' dir='ltr'>quum</span> <span class='ocrx_word' id='word_1_92' title='bbox 1616 1824 1694 1875; x_wconf 88' lang='lat' dir='ltr'>vero</span> <span class='ocrx_word' id='word_1_93' title='bbox 1708 1811 1794 1878; x_wconf 90' lang='lat' dir='ltr'>ventl</span> <span class='ocrx_word' id='word_1_94' title='bbox 1819 1809 1995 1887; x_wconf 72' lang='lat' dir='ltr'>{Pontico</span> <span class='ocrx_word' id='word_1_95' title='bbox 2009 1823 2088 1892; x_wconf 85' lang='lat' dir='ltr'>marl</span> 
     </span>
     <span class='ocr_line' id='line_1_12' title="bbox 562 1894 2089 2008; baseline -0.008 -24"><span class='ocrx_word' id='word_1_96' title='bbox 562 1914 703 2008; x_wconf 80' lang='lat' dir='ltr'>spirant,</span> <span class='ocrx_word' id='word_1_97' title='bbox 729 1907 887 2004; x_wconf 82' lang='lat' dir='ltr'>quicquid</span> <span class='ocrx_word' id='word_1_98' title='bbox 904 1901 1002 1973; x_wconf 87' lang='lat' dir='ltr'>sabuli</span> <span class='ocrx_word' id='word_1_99' title='bbox 1025 1902 1059 1969; x_wconf 93' lang='lat' dir='ltr'>in</span> <span class='ocrx_word' id='word_1_100' title='bbox 1083 1897 1207 1986; x_wconf 85' lang='lat' dir='ltr'>campis</span> <span class='ocrx_word' id='word_1_101' title='bbox 1223 1894 1270 1966; x_wconf 88' lang='lat' dir='ltr'>est</span> <span class='ocrx_word' id='word_1_102' title='bbox 1292 1916 1508 1968; x_wconf 83' lang='lat' dir='ltr'>converrunt:</span> <span class='ocrx_word' id='word_1_103' title='bbox 1534 1899 1625 1986; x_wconf 94' lang='lat' dir='ltr'>quod</span> <span class='ocrx_word' id='word_1_104' title='bbox 1648 1902 1911 1980; x_wconf 78' lang='lat' dir='ltr'>ubicumuhntrn</span> <span class='ocrx_word' id='word_1_105' title='bbox 1928 1913 2089 2001; x_wconf 71' lang='lat' dir='ltr'>est,.ma.</span> 
     </span>
     <span class='ocr_line' id='line_1_13' title="bbox 562 1991 2090 2110; baseline -0.01 -29"><span class='ocrx_word' id='word_1_106' title='bbox 562 2033 705 2110; x_wconf 82' lang='lat' dir='ltr'>gnotum</span> <span class='ocrx_word' id='word_1_107' title='bbox 725 2008 862 2080; x_wconf 89' lang='lat' dir='ltr'>collium</span> <span class='ocrx_word' id='word_1_108' title='bbox 883 1999 998 2093; x_wconf 90' lang='lat' dir='ltr'>procul</span> <span class='ocrx_word' id='word_1_109' title='bbox 1022 1997 1143 2086; x_wconf 89' lang='lat' dir='ltr'>species</span> <span class='ocrx_word' id='word_1_110' title='bbox 1171 1991 1237 2074; x_wconf 88' lang='lat' dir='ltr'>est,</span> <span class='ocrx_word' id='word_1_111' title='bbox 1263 1996 1440 2082; x_wconf 79' lang='lat' dir='ltr'>omniaque</span> <span class='ocrx_word' id='word_1_112' title='bbox 1465 1992 1588 2082; x_wconf 90' lang='lat' dir='ltr'>prillitti</span> <span class='ocrx_word' id='word_1_113' title='bbox 1611 1999 1884 2098; x_wconf 77' lang='lat' dir='ltr'>itinerisnelligla</span> <span class='ocrx_word' id='word_1_114' title='bbox 1903 2011 2090 2085; x_wconf 62' lang='lat' dir='ltr'>intereuntg</span> 
     </span>
     <span class='ocr_line' id='line_1_14' title="bbox 561 2089 2090 2205; baseline -0.005 -25"><span class='ocrx_word' id='word_1_115' title='bbox 561 2114 673 2205; x_wconf 89' lang='lat' dir='ltr'>itaque</span> <span class='ocrx_word' id='word_1_116' title='bbox 703 2109 761 2197; x_wconf 94' lang='lat' dir='ltr'>qui</span> <span class='ocrx_word' id='word_1_117' title='bbox 797 2097 958 2173; x_wconf 87' lang='lat' dir='ltr'>transeunt</span> <span class='ocrx_word' id='word_1_118' title='bbox 988 2112 1153 2181; x_wconf 86' lang='lat' dir='ltr'>campos,</span> <span class='ocrx_word' id='word_1_119' title='bbox 1186 2091 1404 2183; x_wconf 78' lang='lat' dir='ltr'>navigantium</span> <span class='ocrx_word' id='word_1_120' title='bbox 1440 2089 1544 2161; x_wconf 91' lang='lat' dir='ltr'>modo</span> <span class='ocrx_word' id='word_1_121' title='bbox 1574 2095 1671 2164; x_wconf 68' lang='lat' dir='ltr'>noilu</span> <span class='ocrx_word' id='word_1_122' title='bbox 1692 2095 1789 2166; x_wconf 84' lang='lat' dir='ltr'>fidem</span> <span class='ocrx_word' id='word_1_123' title='bbox 1809 2099 2011 2189; x_wconf 80' lang='lat' dir='ltr'>observant,</span> <span class='ocrx_word' id='word_1_124' title='bbox 2046 2109 2090 2180; x_wconf 83' lang='lat' dir='ltr'>ad</span> 
     </span>
    </p>

    <p class='ocr_par' dir='ltr' id='par_1_6' title="bbox 451 2181 2092 2580">
     <span class='ocr_line' id='line_1_15' title="bbox 451 2181 2089 2294; baseline -0.008 -19"><span class='ocrx_word' id='word_1_125' title='bbox 451 2231 455 2238; x_wconf 89' lang='lat'><em>·</em></span> <span class='ocrx_word' id='word_1_126' title='bbox 565 2225 709 2294; x_wconf 89' lang='lat' dir='ltr'>quotum</span> <span class='ocrx_word' id='word_1_127' title='bbox 732 2199 857 2270; x_wconf 89' lang='lat' dir='ltr'>cursum</span> <span class='ocrx_word' id='word_1_128' title='bbox 880 2198 941 2262; x_wconf 91' lang='lat' dir='ltr'>iter</span> <span class='ocrx_word' id='word_1_129' title='bbox 964 2190 1127 2282; x_wconf 82' lang='lat' dir='ltr'>dirigunt,</span> <span class='ocrx_word' id='word_1_130' title='bbox 1154 2181 1189 2255; x_wconf 79' lang='lat' dir='ltr'>dt</span> <span class='ocrx_word' id='word_1_131' title='bbox 1212 2185 1455 2276; x_wconf 86' lang='lat' dir='ltr'>propemodum</span> <span class='ocrx_word' id='word_1_132' title='bbox 1476 2185 1589 2260; x_wconf 89' lang='lat' dir='ltr'>clarior</span> <span class='ocrx_word' id='word_1_133' title='bbox 1608 2193 1709 2260; x_wconf 75' lang='lat' dir='ltr'>nostis</span> <span class='ocrx_word' id='word_1_134' title='bbox 1730 2195 1843 2264; x_wconf 87' lang='lat' dir='ltr'>umbra</span> <span class='ocrx_word' id='word_1_135' title='bbox 1866 2198 1940 2284; x_wconf 78' lang='lat' dir='ltr'>est,</span> <span class='ocrx_word' id='word_1_136' title='bbox 1979 2223 2089 2291; x_wconf 73' lang='lat' dir='ltr'>quam</span> 
     </span>
     <span class='ocr_line' id='line_1_16' title="bbox 564 2282 2089 2394; baseline -0.001 -24"><span class='ocrx_word' id='word_1_137' title='bbox 564 2300 639 2370; x_wconf 79' lang='lat' dir='ltr'>lux:</span> <span class='ocrx_word' id='word_1_138' title='bbox 664 2317 747 2394; x_wconf 86' lang='lat' dir='ltr'>ergo</span> <span class='ocrx_word' id='word_1_139' title='bbox 761 2293 900 2388; x_wconf 83' lang='lat' dir='ltr'>interdiu</span> <span class='ocrx_word' id='word_1_140' title='bbox 916 2287 1002 2360; x_wconf 85' lang='lat' dir='ltr'>invio</span> <span class='ocrx_word' id='word_1_141' title='bbox 1018 2283 1064 2354; x_wconf 88' lang='lat' dir='ltr'>cst</span> <span class='ocrx_word' id='word_1_142' title='bbox 1079 2285 1191 2378; x_wconf 86' lang='lat' dir='ltr'>regio,</span> <span class='ocrx_word' id='word_1_143' title='bbox 1206 2286 1282 2372; x_wconf 87' lang='lat' dir='ltr'>quia</span> <span class='ocrx_word' id='word_1_144' title='bbox 1299 2301 1360 2352; x_wconf 91' lang='lat' dir='ltr'>nec</span> <span class='ocrx_word' id='word_1_145' title='bbox 1375 2282 1564 2375; x_wconf 81' lang='lat' dir='ltr'>vestigium,</span> <span class='ocrx_word' id='word_1_146' title='bbox 1585 2286 1674 2374; x_wconf 89' lang='lat' dir='ltr'>quod</span> <span class='ocrx_word' id='word_1_147' title='bbox 1691 2285 1881 2374; x_wconf 85' lang='lat' dir='ltr'>sequantur,</span> <span class='ocrx_word' id='word_1_148' title='bbox 1898 2297 2089 2390; x_wconf 78' lang='lat' dir='ltr'>inveniant,</span> 
     </span>
     <span class='ocr_line' id='line_1_17' title="bbox 565 2376 2092 2478; baseline -0.011 -8"><span class='ocrx_word' id='word_1_149' title='bbox 565 2393 603 2470; x_wconf 75' lang='lat' dir='ltr'>dt</span> <span class='ocrx_word' id='word_1_150' title='bbox 621 2398 711 2468; x_wconf 91' lang='lat' dir='ltr'>nitor</span> <span class='ocrx_word' id='word_1_151' title='bbox 732 2393 868 2464; x_wconf 86' lang='lat' dir='ltr'>siderum</span> <span class='ocrx_word' id='word_1_152' title='bbox 893 2384 1033 2478; x_wconf 84' lang='lat' dir='ltr'>caligine</span> <span class='ocrx_word' id='word_1_153' title='bbox 1054 2380 1290 2465; x_wconf 83' lang='lat' dir='ltr'>absconditur,</span> <span class='ocrx_word' id='word_1_154' title='bbox 1323 2393 1469 2447; x_wconf 87' lang='lat' dir='ltr'>ceterum</span> <span class='ocrx_word' id='word_1_155' title='bbox 1489 2376 1513 2448; x_wconf 86' lang='lat' dir='ltr'>si</span> <span class='ocrx_word' id='word_1_156' title='bbox 1537 2399 1622 2470; x_wconf 82' lang='lat' dir='ltr'>quoa</span> <span class='ocrx_word' id='word_1_157' title='bbox 1646 2379 1700 2450; x_wconf 89' lang='lat' dir='ltr'>ille</span> <span class='ocrx_word' id='word_1_158' title='bbox 1722 2401 1855 2471; x_wconf 83' lang='lat' dir='ltr'>ventus,</span> <span class='ocrx_word' id='word_1_159' title='bbox 1880 2393 1939 2478; x_wconf 88' lang='lat' dir='ltr'>qui</span> <span class='ocrx_word' id='word_1_160' title='bbox 1965 2412 1985 2460; x_wconf 78' lang='lat' dir='ltr'>a</span> <span class='ocrx_word' id='word_1_161' title='bbox 2008 2399 2092 2470; x_wconf 66' lang='lat' dir='ltr'>man·</span> 
     </span>
     <span class='ocr_line' id='line_1_18' title="bbox 555 2476 1624 2580; baseline -0.022 -14"><span class='ocrx_word' id='word_1_162' title='bbox 555 2496 733 2576; x_wconf 68' lang='lat' dir='ltr'>⁷exoritur,</span> <span class='ocrx_word' id='word_1_163' title='bbox 757 2481 992 2580; x_wconf 84' lang='lat' dir='ltr'>deprehendit,</span> <span class='ocrx_word' id='word_1_164' title='bbox 1015 2499 1111 2549; x_wconf 87' lang='lat' dir='ltr'>arena</span> <span class='ocrx_word' id='word_1_165' title='bbox 1135 2476 1258 2545; x_wconf 83' lang='lat' dir='ltr'>obruit.</span> <span class='ocrx_word' id='word_1_166' title='bbox 1615 2545 1624 2568; x_wconf 22' lang='grc' dir='ltr'>Ι,</span> 
     </span>
    </p>

    <p class='ocr_par' dir='ltr' id='par_1_7' title="bbox 565 2572 2169 2769">
     <span class='ocr_line' id='line_1_19' title="bbox 615 2572 2169 2682; baseline -0.002 -22"><span class='ocrx_word' id='word_1_167' title='bbox 615 2587 806 2679; x_wconf 78' lang='lat' dir='ltr'>Aliquando</span> <span class='ocrx_word' id='word_1_168' title='bbox 830 2575 1010 2667; x_wconf 79' lang='lat' dir='ltr'>Cambyses</span> <span class='ocrx_word' id='word_1_169' title='bbox 1034 2575 1077 2646; x_wconf 88' lang='lat' dir='ltr'>ad</span> <span class='ocrx_word' id='word_1_170' title='bbox 1097 2572 1215 2663; x_wconf 78' lang='lat' dir='ltr'>jovem</span> <span class='ocrx_word' id='word_1_171' title='bbox 1230 2572 1431 2644; x_wconf 82' lang='lat' dir='ltr'>Ammonem</span> <span class='ocrx_word' id='word_1_172' title='bbox 1450 2573 1535 2644; x_wconf 88' lang='lat' dir='ltr'>milit</span> <span class='ocrx_word' id='word_1_173' title='bbox 1550 2573 1750 2664; x_wconf 66' lang='lat' dir='ltr'>eorunm,</span> <span class='ocrx_word' id='word_1_174' title='bbox 1774 2599 1872 2669; x_wconf 86' lang='lat' dir='ltr'>quem</span> <span class='ocrx_word' id='word_1_175' title='bbox 1887 2603 2009 2682; x_wconf 74' lang='lat' dir='ltr'>mena,</span> <span class='ocrx_word' id='word_1_176' title='bbox 2034 2611 2090 2666; x_wconf 81' lang='lat' dir='ltr'>au·</span> <span class='ocrx_word' id='word_1_177' title='bbox 2164 2663 2169 2674; x_wconf 64' lang='grc'><strong>,</strong></span> 
     </span>
     <span class='ocr_line' id='line_1_20' title="bbox 565 2668 1773 2769; baseline -0.017 -7"><span class='ocrx_word' id='word_1_178' title='bbox 565 2686 633 2762; x_wconf 83' lang='lat' dir='ltr'>stro</span> <span class='ocrx_word' id='word_1_179' title='bbox 647 2705 756 2769; x_wconf 87' lang='lat' dir='ltr'>mota,</span> <span class='ocrx_word' id='word_1_180' title='bbox 775 2679 812 2752; x_wconf 80' lang='lat' dir='ltr'>dt</span> <span class='ocrx_word' id='word_1_181' title='bbox 828 2697 920 2750; x_wconf 85' lang='lat' dir='ltr'>more</span> <span class='ocrx_word' id='word_1_182' title='bbox 939 2676 1021 2740; x_wconf 82' lang='lat' dir='ltr'>nivis</span> <span class='ocrx_word' id='word_1_183' title='bbox 1033 2668 1205 2752; x_wconf 82' lang='lat' dir='ltr'>incidens,</span> <span class='ocrx_word' id='word_1_184' title='bbox 1231 2671 1327 2754; x_wconf 83' lang='lat' dir='ltr'>texit,</span> <span class='ocrx_word' id='word_1_185' title='bbox 1352 2668 1471 2742; x_wconf 87' lang='lat' dir='ltr'>deinde</span> <span class='ocrx_word' id='word_1_186' title='bbox 1495 2673 1637 2745; x_wconf 84' lang='lat' dir='ltr'>obruit...</span> <span class='ocrx_word' id='word_1_187' title='bbox 1770 2685 1773 2690; x_wconf 89' lang='grc'><strong><em>·</em></strong></span> 
     </span>
    </p>

    <p class='ocr_par' dir='ltr' id='par_1_8' title="bbox 563 2764 2091 3172">
     <span class='ocr_line' id='line_1_21' title="bbox 614 2764 2090 2865; baseline 0.007 -17"><span class='ocrx_word' id='word_1_188' title='bbox 614 2781 655 2852; x_wconf 90' lang='lat' dir='ltr'>ln</span> <span class='ocrx_word' id='word_1_189' title='bbox 670 2778 817 2848; x_wconf 86' lang='lat' dir='ltr'>saucibus</span> <span class='ocrx_word' id='word_1_190' title='bbox 832 2770 928 2842; x_wconf 82' lang='lat' dir='ltr'>maris</span> <span class='ocrx_word' id='word_1_191' title='bbox 949 2767 1103 2848; x_wconf 82' lang='lat' dir='ltr'>Arabici,</span> <span class='ocrx_word' id='word_1_192' title='bbox 1128 2781 1167 2835; x_wconf 93' lang='lat' dir='ltr'>ut</span> <span class='ocrx_word' id='word_1_193' title='bbox 1188 2766 1285 2837; x_wconf 89' lang='lat' dir='ltr'>etiam</span> <span class='ocrx_word' id='word_1_194' title='bbox 1301 2768 1335 2837; x_wconf 91' lang='lat' dir='ltr'>in</span> <span class='ocrx_word' id='word_1_195' title='bbox 1352 2766 1485 2853; x_wconf 82' lang='lat' dir='ltr'>Arabia,</span> <span class='ocrx_word' id='word_1_196' title='bbox 1501 2764 1537 2840; x_wconf 71' lang='grc' dir='ltr'>ἃ</span> <span class='ocrx_word' id='word_1_197' title='bbox 1561 2767 1767 2863; x_wconf 84' lang='lat' dir='ltr'>AEthyopia,</span> <span class='ocrx_word' id='word_1_198' title='bbox 1791 2772 2014 2865; x_wconf 83' lang='lat' dir='ltr'>peculiaris&amp;</span> <span class='ocrx_word' id='word_1_199' title='bbox 2030 2791 2090 2859; x_wconf 91' lang='lat' dir='ltr'>mi·</span> 
     </span>
     <span class='ocr_line' id='line_1_22' title="bbox 563 2861 2091 2956; baseline -0.001 -9"><span class='ocrx_word' id='word_1_200' title='bbox 563 2875 674 2951; x_wconf 80' lang='lat' dir='ltr'>rabilis</span> <span class='ocrx_word' id='word_1_201' title='bbox 689 2872 854 2945; x_wconf 87' lang='lat' dir='ltr'>interdum</span> <span class='ocrx_word' id='word_1_202' title='bbox 867 2862 1055 2955; x_wconf 82' lang='lat' dir='ltr'>Ecnephias</span> <span class='ocrx_word' id='word_1_203' title='bbox 1069 2861 1205 2934; x_wconf 82' lang='lat' dir='ltr'>accidit:</span> <span class='ocrx_word' id='word_1_204' title='bbox 1230 2865 1382 2934; x_wconf 87' lang='lat' dir='ltr'>nimirum</span> <span class='ocrx_word' id='word_1_205' title='bbox 1399 2864 1495 2936; x_wconf 87' lang='lat' dir='ltr'>densa</span> <span class='ocrx_word' id='word_1_206' title='bbox 1513 2862 1630 2938; x_wconf 82' lang='lat' dir='ltr'>&amp;atta</span> <span class='ocrx_word' id='word_1_207' title='bbox 1642 2872 1763 2954; x_wconf 81' lang='lat' dir='ltr'>nubes,</span> <span class='ocrx_word' id='word_1_208' title='bbox 1789 2873 1888 2944; x_wconf 84' lang='lat' dir='ltr'>mixta</span> <span class='ocrx_word' id='word_1_209' title='bbox 1904 2887 1979 2952; x_wconf 83' lang='lat' dir='ltr'>cum</span> <span class='ocrx_word' id='word_1_210' title='bbox 1996 2880 2091 2956; x_wconf 68' lang='lat' dir='ltr'>flam.</span> 
     </span>
     <span class='ocr_line' id='line_1_23' title="bbox 563 2955 2089 3061; baseline -0.001 -15"><span class='ocrx_word' id='word_1_211' title='bbox 563 2971 646 3046; x_wconf 79' lang='lat' dir='ltr'>meis</span> <span class='ocrx_word' id='word_1_212' title='bbox 660 2968 832 3043; x_wconf 83' lang='lat' dir='ltr'>nubeculis</span> <span class='ocrx_word' id='word_1_213' title='bbox 851 2963 946 3035; x_wconf 85' lang='lat' dir='ltr'>instar</span> <span class='ocrx_word' id='word_1_214' title='bbox 967 2960 1134 3030; x_wconf 85' lang='lat' dir='ltr'>candentis</span> <span class='ocrx_word' id='word_1_215' title='bbox 1155 2955 1191 3028; x_wconf 78' lang='lat' dir='ltr'>dt</span> <span class='ocrx_word' id='word_1_216' title='bbox 1214 2960 1448 3051; x_wconf 83' lang='lat' dir='ltr'>resplendentis</span> <span class='ocrx_word' id='word_1_217' title='bbox 1463 2965 1582 3034; x_wconf 88' lang='lat' dir='ltr'>camini</span> <span class='ocrx_word' id='word_1_218' title='bbox 1598 2968 1745 3037; x_wconf 76' lang='lat' dir='ltr'>tenebras</span> <span class='ocrx_word' id='word_1_219' title='bbox 1759 2967 1883 3041; x_wconf 88' lang='lat' dir='ltr'>inducit</span> <span class='ocrx_word' id='word_1_220' title='bbox 1896 2973 1982 3061; x_wconf 90' lang='lat' dir='ltr'>diei,</span> <span class='ocrx_word' id='word_1_221' title='bbox 2006 2999 2089 3054; x_wconf 80' lang='lat' dir='ltr'>mox</span> 
     </span>
     <span class='ocr_line' id='line_1_24' title="bbox 563 3054 2088 3172; baseline 0 -32"><span class='ocrx_word' id='word_1_222' title='bbox 563 3071 706 3161; x_wconf 87' lang='lat' dir='ltr'>erumpit</span> <span class='ocrx_word' id='word_1_223' title='bbox 727 3062 892 3156; x_wconf 89' lang='lat' dir='ltr'>procella,</span> <span class='ocrx_word' id='word_1_224' title='bbox 923 3054 1015 3147; x_wconf 85' lang='lat' dir='ltr'>cujus</span> <span class='ocrx_word' id='word_1_225' title='bbox 1035 3075 1144 3125; x_wconf 88' lang='lat' dir='ltr'>tamen</span> <span class='ocrx_word' id='word_1_226' title='bbox 1168 3054 1286 3127; x_wconf 77' lang='lat' dir='ltr'>saevitia</span> <span class='ocrx_word' id='word_1_227' title='bbox 1312 3078 1389 3127; x_wconf 85' lang='lat' dir='ltr'>mox</span> <span class='ocrx_word' id='word_1_228' title='bbox 1412 3056 1556 3141; x_wconf 85' lang='lat' dir='ltr'>sedatur,</span> <span class='ocrx_word' id='word_1_229' title='bbox 1581 3058 1634 3130; x_wconf 93' lang='lat' dir='ltr'>sed</span> <span class='ocrx_word' id='word_1_230' title='bbox 1656 3065 1785 3154; x_wconf 81' lang='lat' dir='ltr'>rubram</span> <span class='ocrx_word' id='word_1_231' title='bbox 1808 3086 1937 3141; x_wconf 72' lang='lat' dir='ltr'>arenam</span> <span class='ocrx_word' id='word_1_232' title='bbox 1963 3076 2088 3172; x_wconf 67' lang='lat' dir='ltr'>ingentu</span> 
     </span>
    </p>

    <p class='ocr_par' dir='ltr' id='par_1_9' title="bbox 560 3153 2088 3832">
     <span class='ocr_line' id='line_1_25' title="bbox 563 3153 2084 3317; baseline -0.001 -81"><span class='ocrx_word' id='word_1_233' title='bbox 563 3169 662 3256; x_wconf 86' lang='lat' dir='ltr'>copia</span> <span class='ocrx_word' id='word_1_234' title='bbox 681 3162 769 3252; x_wconf 86' lang='lat' dir='ltr'>ejicit</span> <span class='ocrx_word' id='word_1_235' title='bbox 790 3162 823 3228; x_wconf 87' lang='lat' dir='ltr'>in</span> <span class='ocrx_word' id='word_1_236' title='bbox 848 3172 988 3242; x_wconf 86' lang='lat' dir='ltr'>terram,</span> <span class='ocrx_word' id='word_1_237' title='bbox 1010 3172 1236 3317; x_wconf 55' lang='lat' dir='ltr'>pltpuebmate,</span> <span class='ocrx_word' id='word_1_238' title='bbox 1261 3155 1303 3221; x_wconf 86' lang='lat' dir='ltr'>ita</span> <span class='ocrx_word' id='word_1_239' title='bbox 1323 3172 1358 3223; x_wconf 93' lang='lat' dir='ltr'>ut</span> <span class='ocrx_word' id='word_1_240' title='bbox 1375 3153 1499 3264; x_wconf 76' lang='lat' dir='ltr'>Arabes</span> <span class='ocrx_word' id='word_1_241' title='bbox 1523 3154 1678 3241; x_wconf 84' lang='lat' dir='ltr'>asserant,</span> <span class='ocrx_word' id='word_1_242' title='bbox 1698 3160 1878 3252; x_wconf 86' lang='lat' dir='ltr'>aliquoties</span> <span class='ocrx_word' id='word_1_243' title='bbox 1899 3174 2084 3268; x_wconf 62' lang='lat' dir='ltr'>conngrssflb,</span> 
     </span>
     <span class='ocr_line' id='line_1_26' title="bbox 562 3248 2079 3362; baseline -0.002 -30"><span class='ocrx_word' id='word_1_244' title='bbox 562 3280 600 3333; x_wconf 91' lang='lat' dir='ltr'>ut</span> <span class='ocrx_word' id='word_1_245' title='bbox 628 3255 772 3329; x_wconf 87' lang='lat' dir='ltr'>arenales</span> <span class='ocrx_word' id='word_1_246' title='bbox 796 3252 876 3324; x_wconf 82' lang='lat' dir='ltr'>tales</span> <span class='ocrx_word' id='word_1_247' title='bbox 909 3266 1011 3342; x_wconf 89' lang='lat' dir='ltr'>proce</span> <span class='ocrx_word' id='word_1_248' title='bbox 1078 3266 1101 3317; x_wconf 93' lang='lat' dir='ltr'>o</span> <span class='ocrx_word' id='word_1_249' title='bbox 1125 3266 1245 3318; x_wconf 90' lang='lat' dir='ltr'>ruennt</span> <span class='ocrx_word' id='word_1_250' title='bbox 1261 3269 1388 3319; x_wconf 88' lang='lat' dir='ltr'>annuos</span> <span class='ocrx_word' id='word_1_251' title='bbox 1408 3248 1483 3321; x_wconf 82' lang='lat' dir='ltr'>tlloe</span> <span class='ocrx_word' id='word_1_252' title='bbox 1507 3273 1742 3358; x_wconf 84' lang='lat' dir='ltr'>mercatorum,</span> <span class='ocrx_word' id='word_1_253' title='bbox 1769 3257 1805 3330; x_wconf 80' lang='lat' dir='ltr'>dc</span> <span class='ocrx_word' id='word_1_254' title='bbox 1829 3269 2079 3362; x_wconf 70' lang='lat' dir='ltr'>peregimfinm</span> 
     </span>
     <span class='ocr_line' id='line_1_27' title="bbox 565 3377 2082 3555; baseline 0.004 -36"><span class='ocrx_word' id='word_1_255' title='bbox 565 3377 732 3519; x_wconf 58' lang='lat' dir='ltr'>coe&#39;mastico</span> <span class='ocrx_word' id='word_1_256' title='bbox 754 3445 990 3528; x_wconf 87' lang='lat' dir='ltr'>observarunt,</span> <span class='ocrx_word' id='word_1_257' title='bbox 1014 3438 1129 3530; x_wconf 90' lang='lat' dir='ltr'>quod,</span> <span class='ocrx_word' id='word_1_258' title='bbox 1157 3439 1255 3510; x_wconf 89' lang='lat' dir='ltr'>lisint</span> <span class='ocrx_word' id='word_1_259' title='bbox 1270 3440 1312 3512; x_wconf 88' lang='lat' dir='ltr'>ad</span> <span class='ocrx_word' id='word_1_260' title='bbox 1327 3448 1466 3518; x_wconf 81' lang='lat' dir='ltr'>ruslnnn</span> <span class='ocrx_word' id='word_1_261' title='bbox 1484 3451 1703 3536; x_wconf 91' lang='lat' dir='ltr'>promontorii</span> <span class='ocrx_word' id='word_1_262' title='bbox 1727 3450 1862 3542; x_wconf 79' lang='lat' dir='ltr'>blanci,</span> <span class='ocrx_word' id='word_1_263' title='bbox 1887 3457 1980 3552; x_wconf 78' lang='lat' dir='ltr'>(bne</span> <span class='ocrx_word' id='word_1_264' title='bbox 1997 3463 2082 3555; x_wconf 57' lang='lat' dir='ltr'>pent</span> 
     </span>
     <span class='ocr_line' id='line_1_28' title="bbox 561 3535 2086 3651; baseline -0.002 -30"><span class='ocrx_word' id='word_1_265' title='bbox 561 3550 598 3621; x_wconf 87' lang='lat' dir='ltr'>itt</span> <span class='ocrx_word' id='word_1_266' title='bbox 622 3548 702 3618; x_wconf 86' lang='lat' dir='ltr'>mari</span> <span class='ocrx_word' id='word_1_267' title='bbox 726 3541 936 3633; x_wconf 77' lang='lat' dir='ltr'>AEthyopieo</span> <span class='ocrx_word' id='word_1_268' title='bbox 958 3559 978 3610; x_wconf 90' lang='lat' dir='ltr'>e</span> <span class='ocrx_word' id='word_1_269' title='bbox 1001 3538 1136 3632; x_wconf 83' lang='lat' dir='ltr'>regione</span> <span class='ocrx_word' id='word_1_270' title='bbox 1159 3535 1296 3633; x_wconf 83' lang='lat' dir='ltr'>Senegae</span> <span class='ocrx_word' id='word_1_271' title='bbox 1321 3536 1378 3615; x_wconf 82' lang='lat' dir='ltr'>sub</span> <span class='ocrx_word' id='word_1_272' title='bbox 1393 3542 1561 3615; x_wconf 89' lang='lat' dir='ltr'>latitudine</span> <span class='ocrx_word' id='word_1_273' title='bbox 1582 3541 1660 3615; x_wconf 89' lang='lat' dir='ltr'>Bor.</span> <span class='ocrx_word' id='word_1_274' title='bbox 1688 3568 1748 3620; x_wconf 76' lang='lat' dir='ltr'>ar.</span> <span class='ocrx_word' id='word_1_275' title='bbox 1764 3553 1887 3647; x_wconf 81' lang='lat' dir='ltr'>grad.)</span> <span class='ocrx_word' id='word_1_276' title='bbox 1911 3556 2086 3651; x_wconf 55' lang='lat' dir='ltr'>aliqnando</span> 
     </span>
     <span class='ocr_line' id='line_1_29' title="bbox 561 3633 2088 3734; baseline 0.001 -17"><span class='ocrx_word' id='word_1_277' title='bbox 561 3640 773 3732; x_wconf 85' lang='lat' dir='ltr'>offenduntur</span> <span class='ocrx_word' id='word_1_278' title='bbox 792 3657 820 3711; x_wconf 82' lang='lat' dir='ltr'>a·</span> <span class='ocrx_word' id='word_1_279' title='bbox 843 3635 982 3729; x_wconf 88' lang='lat' dir='ltr'>quadarn</span> <span class='ocrx_word' id='word_1_280' title='bbox 1007 3654 1103 3704; x_wconf 87' lang='lat' dir='ltr'>arena</span> <span class='ocrx_word' id='word_1_281' title='bbox 1125 3633 1241 3720; x_wconf 84' lang='lat' dir='ltr'>rubro,</span> <span class='ocrx_word' id='word_1_282' title='bbox 1267 3655 1286 3704; x_wconf 91' lang='lat' dir='ltr'>e</span> <span class='ocrx_word' id='word_1_283' title='bbox 1309 3643 1497 3712; x_wconf 89' lang='lat' dir='ltr'>continente</span> <span class='ocrx_word' id='word_1_284' title='bbox 1522 3641 1541 3710; x_wconf 78' lang='lat' dir='ltr'>s</span> <span class='ocrx_word' id='word_1_285' title='bbox 1565 3660 1664 3711; x_wconf 87' lang='lat' dir='ltr'>vento</span> <span class='ocrx_word' id='word_1_286' title='bbox 1681 3644 1824 3734; x_wconf 83' lang='lat' dir='ltr'>elevata,</span> <span class='ocrx_word' id='word_1_287' title='bbox 1849 3653 1934 3725; x_wconf 82' lang='lat' dir='ltr'>adeo</span> <span class='ocrx_word' id='word_1_288' title='bbox 1959 3647 2088 3732; x_wconf 75' lang='lat' dir='ltr'>inocu.</span> 
     </span>
     <span class='ocr_line' id='line_1_30' title="bbox 560 3728 2087 3832; baseline 0.009 -18"><span class='ocrx_word' id='word_1_289' title='bbox 560 3741 614 3814; x_wconf 85' lang='lat' dir='ltr'>los</span> <span class='ocrx_word' id='word_1_290' title='bbox 638 3739 831 3822; x_wconf 78' lang='lat' dir='ltr'>incolente,</span> <span class='ocrx_word' id='word_1_291' title='bbox 864 3752 902 3806; x_wconf 91' lang='lat' dir='ltr'>ut</span> <span class='ocrx_word' id='word_1_292' title='bbox 924 3734 978 3804; x_wconf 83' lang='lat' dir='ltr'>vix</span> <span class='ocrx_word' id='word_1_293' title='bbox 1003 3728 1111 3802; x_wconf 89' lang='lat' dir='ltr'>videte</span> <span class='ocrx_word' id='word_1_294' title='bbox 1136 3751 1286 3822; x_wconf 84' lang='lat' dir='ltr'>queant,</span> <span class='ocrx_word' id='word_1_295' title='bbox 1318 3737 1389 3809; x_wconf 89' lang='lat' dir='ltr'>vela</span> <span class='ocrx_word' id='word_1_296' title='bbox 1414 3740 1543 3810; x_wconf 86' lang='lat' dir='ltr'>navium</span> <span class='ocrx_word' id='word_1_297' title='bbox 1567 3741 1697 3829; x_wconf 79' lang='lat' dir='ltr'>penitus</span> <span class='ocrx_word' id='word_1_298' title='bbox 1720 3743 1762 3820; x_wconf 89' lang='lat' dir='ltr'>ab</span> <span class='ocrx_word' id='word_1_299' title='bbox 1786 3747 1901 3822; x_wconf 89' lang='lat' dir='ltr'>eadem</span> <span class='ocrx_word' id='word_1_300' title='bbox 1926 3755 2087 3832; x_wconf 82' lang='lat' dir='ltr'>rubellane</span> 
     </span>
    </p>
   </div>
   <div class='ocr_carea' id='block_1_3' title="bbox 560 3837 2161 4399">
    <p class='ocr_par' dir='ltr' id='par_1_10' title="bbox 560 3837 2090 4324">
     <span class='ocr_line' id='line_1_31' title="bbox 563 3837 2090 4039; baseline 0.043 -105"><span class='ocrx_word' id='word_1_301' title='bbox 563 3837 665 4006; x_wconf 67' lang='lat' dir='ltr'>(⁶)lss</span> <span class='ocrx_word' id='word_1_302' title='bbox 700 3930 801 4004; x_wconf 87' lang='lat' dir='ltr'>lndiae</span> <span class='ocrx_word' id='word_1_303' title='bbox 826 3947 930 4025; x_wconf 87' lang='lat' dir='ltr'>regno</span> <span class='ocrx_word' id='word_1_304' title='bbox 961 3921 1129 4039; x_wconf 78' lang='lat' dir='ltr'>Guzamth</span> <span class='ocrx_word' id='word_1_305' title='bbox 1152 3869 1458 4021; x_wconf 71' lang='lat' dir='ltr'>nubeaarenosaa,</span> <span class='ocrx_word' id='word_1_306' title='bbox 1489 3932 1542 4008; x_wconf 85' lang='lat' dir='ltr'>vel</span> <span class='ocrx_word' id='word_1_307' title='bbox 1564 3933 1807 4026; x_wconf 86' lang='lat' dir='ltr'>pulvisculotnm</span> <span class='ocrx_word' id='word_1_308' title='bbox 1829 3891 2002 4038; x_wconf 56' lang='lat' dir='ltr'>ingentem</span> <span class='ocrx_word' id='word_1_309' title='bbox 2028 3976 2090 4026; x_wconf 67' lang='grc' dir='ltr'>ω,</span> 
     </span>
     <span class='ocr_line' id='line_1_32' title="bbox 560 4024 2088 4150; baseline 0.005 -44"><span class='ocrx_word' id='word_1_310' title='bbox 560 4034 651 4150; x_wconf 80' lang='lat' dir='ltr'>piam</span> <span class='ocrx_word' id='word_1_311' title='bbox 671 4031 897 4116; x_wconf 89' lang='lat' dir='ltr'>continentes,</span> <span class='ocrx_word' id='word_1_312' title='bbox 928 4024 1012 4116; x_wconf 80' lang='lat' dir='ltr'>saepe</span> <span class='ocrx_word' id='word_1_313' title='bbox 1032 4041 1174 4097; x_wconf 75' lang='lat' dir='ltr'>viatores</span> <span class='ocrx_word' id='word_1_314' title='bbox 1196 4030 1411 4120; x_wconf 77' lang='lat' dir='ltr'>opprimere,</span> <span class='ocrx_word' id='word_1_315' title='bbox 1442 4048 1538 4149; x_wconf 60' lang='lat' dir='ltr'>putot</span> <span class='ocrx_word' id='word_1_316' title='bbox 1561 4031 1608 4102; x_wconf 88' lang='lat' dir='ltr'>ell</span> <span class='ocrx_word' id='word_1_317' title='bbox 1631 4053 1693 4108; x_wconf 85' lang='lat' dir='ltr'>vtn</span> <span class='ocrx_word' id='word_1_318' title='bbox 1714 4031 1838 4126; x_wconf 63' lang='lat' dir='ltr'>tntu,</span> <span class='ocrx_word' id='word_1_319' title='bbox 1866 4043 1924 4132; x_wconf 91' lang='lat' dir='ltr'>qui</span> <span class='ocrx_word' id='word_1_320' title='bbox 1948 4045 1998 4116; x_wconf 90' lang='lat' dir='ltr'>ibi</span> <span class='ocrx_word' id='word_1_321' title='bbox 2024 4051 2088 4124; x_wconf 72' lang='lat' dir='ltr'>diu</span> 
     </span>
     <span class='ocr_line' id='line_1_33' title="bbox 562 4129 2090 4324; baseline 0.003 -20"><span class='ocrx_word' id='word_1_322' title='bbox 562 4129 764 4324; x_wconf 45' lang='lat' dir='ltr'>mzuffio</span> <span class='ocrx_word' id='word_1_323' title='bbox 794 4221 980 4317; x_wconf 90' lang='lat' dir='ltr'>septemtrio</span> <span class='ocrx_word' id='word_1_324' title='bbox 1005 4216 1068 4292; x_wconf 85' lang='lat' dir='ltr'>slat</span> <span class='ocrx_word' id='word_1_325' title='bbox 1088 4215 1131 4290; x_wconf 86' lang='lat' dir='ltr'>ad</span> <span class='ocrx_word' id='word_1_326' title='bbox 1148 4214 1236 4294; x_wconf 88' lang='lat' dir='ltr'>Vera</span> <span class='ocrx_word' id='word_1_327' title='bbox 1252 4221 1343 4297; x_wconf 87' lang='lat' dir='ltr'>Ctuz</span> <span class='ocrx_word' id='word_1_328' title='bbox 1360 4226 1395 4299; x_wconf 92' lang='lat' dir='ltr'>in</span> <span class='ocrx_word' id='word_1_329' title='bbox 1411 4224 1583 4319; x_wconf 82' lang='lat' dir='ltr'>Anaetica,</span> <span class='ocrx_word' id='word_1_330' title='bbox 1608 4231 1692 4304; x_wconf 76' lang='lat' dir='ltr'>tede</span> <span class='ocrx_word' id='word_1_331' title='bbox 1707 4227 1881 4312; x_wconf 83' lang='lat' dir='ltr'>domontm</span> <span class='ocrx_word' id='word_1_332' title='bbox 1900 4217 2090 4324; x_wconf 57' lang='lat' dir='ltr'>obruunnnp</span> 
     </span>
    </p>

    <p class='ocr_par' dir='ltr' id='par_1_11' title="bbox 564 4318 2161 4399">
     <span class='ocr_line' id='line_1_34' title="bbox 564 4318 2161 4399; baseline -0.032 -1"><span class='ocrx_word' id='word_1_333' title='bbox 564 4330 668 4399; x_wconf 74' lang='lat' dir='ltr'>arenis</span> <span class='ocrx_word' id='word_1_334' title='bbox 690 4327 829 4397; x_wconf 72' lang='lat' dir='ltr'>dventu</span> <span class='ocrx_word' id='word_1_335' title='bbox 853 4318 1006 4390; x_wconf 76' lang='lat' dir='ltr'>advectis.</span> <span class='ocrx_word' id='word_1_336' title='bbox 2159 4343 2161 4347; x_wconf 85' lang='lat'>.</span> 
     </span>
    </p>
   </div>
   <div class='ocr_carea' id='block_1_4' title="bbox 1927 4438 2085 4552">
    <p class='ocr_par' dir='ltr' id='par_1_12' title="bbox 1927 4438 2085 4552">
     <span class='ocr_line' id='line_1_35' title="bbox 1927 4438 2085 4552; baseline 0 -35"><span class='ocrx_word' id='word_1_337' title='bbox 1927 4438 2085 4552; x_wconf 81' lang='lat' dir='ltr'>¹aa</span> 
     </span>
    </p>
   </div>
   <div class='ocr_carea' id='block_1_5' title="bbox 631 4583 1467 4834">
    <p class='ocr_par' dir='ltr' id='par_1_13' title="bbox 631 4583 1467 4834">
     <span class='ocr_line' id='line_1_36' title="bbox 635 4583 1467 4682; baseline 0.011 -26"><span class='ocrx_word' id='word_1_338' title='bbox 635 4593 698 4672; x_wconf 76' lang='grc' dir='ltr'>’(ο)</span> <span class='ocrx_word' id='word_1_339' title='bbox 719 4593 900 4657; x_wconf 86' lang='lat' dir='ltr'>Condamlne</span> <span class='ocrx_word' id='word_1_340' title='bbox 919 4593 1133 4659; x_wconf 78' lang='lat' dir='ltr'>Introdudllon.</span> <span class='ocrx_word' id='word_1_341' title='bbox 1149 4583 1291 4674; x_wconf 81' lang='lat' dir='ltr'>Hillorlq·</span> <span class='ocrx_word' id='word_1_342' title='bbox 1310 4613 1376 4682; x_wconf 72' lang='lat' dir='ltr'>pag.</span> <span class='ocrx_word' id='word_1_343' title='bbox 1400 4609 1467 4675; x_wconf 73' lang='lat'>160.</span> 
     </span>
     <span class='ocr_line' id='line_1_37' title="bbox 631 4673 1116 4751; baseline 0.004 -18"><span class='ocrx_word' id='word_1_344' title='bbox 631 4676 695 4751; x_wconf 82' lang='lat' dir='ltr'>(b)</span> <span class='ocrx_word' id='word_1_345' title='bbox 717 4673 832 4734; x_wconf 75' lang='lat' dir='ltr'>Curtius</span> <span class='ocrx_word' id='word_1_346' title='bbox 854 4676 919 4736; x_wconf 81' lang='lat' dir='ltr'>Lib.</span> <span class='ocrx_word' id='word_1_347' title='bbox 945 4689 972 4748; x_wconf 80' lang='lat'>7.</span> <span class='ocrx_word' id='word_1_348' title='bbox 996 4674 1067 4751; x_wconf 84' lang='lat' dir='ltr'>Cap.</span> <span class='ocrx_word' id='word_1_349' title='bbox 1087 4690 1116 4747; x_wconf 83' lang='lat'>4.</span> 
     </span>
     <span class='ocr_line' id='line_1_38' title="bbox 633 4751 1301 4834; baseline 0.009 -22"><span class='ocrx_word' id='word_1_350' title='bbox 633 4751 693 4829; x_wconf 87' lang='lat' dir='ltr'>(c)</span> <span class='ocrx_word' id='word_1_351' title='bbox 712 4752 852 4828; x_wconf 84' lang='lat' dir='ltr'>Dtmpler</span> <span class='ocrx_word' id='word_1_352' title='bbox 873 4751 959 4812; x_wconf 75' lang='lat' dir='ltr'>traice</span> <span class='ocrx_word' id='word_1_353' title='bbox 979 4752 1031 4813; x_wconf 78' lang='lat' dir='ltr'>der</span> <span class='ocrx_word' id='word_1_354' title='bbox 1052 4754 1144 4815; x_wconf 80' lang='lat' dir='ltr'>Venta</span> <span class='ocrx_word' id='word_1_355' title='bbox 1163 4771 1229 4834; x_wconf 76' lang='lat' dir='ltr'>pag.</span> <span class='ocrx_word' id='word_1_356' title='bbox 1254 4772 1301 4833; x_wconf 80' lang='lat'>19.</span> 
     </span>
    </p>
   </div>
   <div class='ocr_carea' id='block_1_6' title="bbox 632 4823 2076 4975">
    <p class='ocr_par' dir='ltr' id='par_1_14' title="bbox 632 4823 2076 4975">
     <span class='ocr_line' id='line_1_39' title="bbox 632 4823 2076 4975; baseline 0.022 -85"><span class='ocrx_word' id='word_1_357' title='bbox 632 4832 692 4912; x_wconf 78' lang='lat' dir='ltr'>(d)</span> <span class='ocrx_word' id='word_1_358' title='bbox 708 4831 833 4975; x_wconf 48' lang='lat' dir='ltr'>mni!</span> <span class='ocrx_word' id='word_1_359' title='bbox 855 4830 1021 4909; x_wconf 73' lang='lat' dir='ltr'>ueoprapn.</span> <span class='ocrx_word' id='word_1_360' title='bbox 1048 4830 1120 4896; x_wconf 68' lang='lat' dir='ltr'>Sed.</span> <span class='ocrx_word' id='word_1_361' title='bbox 1141 4841 1172 4903; x_wconf 81' lang='lat'>⁶.</span> <span class='ocrx_word' id='word_1_362' title='bbox 1193 4837 1267 4918; x_wconf 70' lang='lat' dir='ltr'>cip.</span> <span class='ocrx_word' id='word_1_363' title='bbox 1288 4850 1337 4904; x_wconf 67' lang='grc' dir='ltr'>ιι.</span> <span class='ocrx_word' id='word_1_364' title='bbox 1355 4823 1385 4916; x_wconf 61' lang='lat' dir='ltr'>s.</span> <span class='ocrx_word' id='word_1_365' title='bbox 1406 4854 1456 4905; x_wconf 79' lang='lat' dir='ltr'>ro·</span> <span class='ocrx_word' id='word_1_366' title='bbox 1477 4839 1642 4911; x_wconf 76' lang='lat' dir='ltr'>undeinn</span> <span class='ocrx_word' id='word_1_367' title='bbox 1660 4847 1693 4913; x_wconf 86' lang='lat' dir='ltr'>lu</span> <span class='ocrx_word' id='word_1_368' title='bbox 1712 4850 1849 4917; x_wconf 75' lang='lat' dir='ltr'>ltlrectr.</span> <span class='ocrx_word' id='word_1_369' title='bbox 1865 4850 1936 4919; x_wconf 77' lang='lat' dir='ltr'>uu.</span> <span class='ocrx_word' id='word_1_370' title='bbox 1958 4867 1988 4920; x_wconf 75' lang='grc' dir='ltr'>Ι.</span> <span class='ocrx_word' id='word_1_371' title='bbox 2008 4868 2076 4942; x_wconf 66' lang='grc' dir='ltr'>Νι·</span> 
     </span>
    </p>
   </div>
   <div class='ocr_carea' id='block_1_7' title="bbox 0 0 2509 6756">
    <p class='ocr_par' dir='ltr' id='par_1_15' title="bbox 0 0 2509 6756">
     <span class='ocr_line' id='line_1_40' title="bbox 0 0 2509 6756; baseline 0 0"><span class='ocrx_word' id='word_1_372' title='bbox 0 0 2509 6756; x_wconf 95' lang='lat' dir='ltr'> </span> 
     </span>
    </p>
   </div>
  </div>
 </body>
</html>
