4992 6767
567 665 653 780 oso
893 665 994 757 uu
1052 662 1764 760 unoenrnrnrruus

571 860 731 955 pharium
751 860 876 933 celeste
897 861 1016 934 efficit:
1042 864 1192 956 adeoque
1212 861 1473 954 hemisphaerium
1495 860 1620 933 caeleste
1646 858 1819 950 conplent
1844 855 1950 950 potest
1976 831 2104 933 Stellas¹

571 960 651 1029 fixus
673 980 1176 1051 1000,000,000,000,000.
1210 961 1252 1050 ¹Si
1267 982 1307 1029 ex
1329 958 1556 1052 qualibetfixa
1571 978 1692 1029 tanturn
1714 978 1792 1028 100.
1810 956 1888 1026 radii
1903 960 2096 1045 perveniant

570 1044 615 1125 ild
640 1053 786 1127 foramen
810 1059 842 1127 in
865 1057 974 1130 charta
998 1080 1073 1131 ante
1093 1058 1229 1129 oculum
1254 1051 1460 1147 spedi'atoris,
1484 1057 1549 1147 qui·
1561 1055 1707 1126 foramen
1734 1072 1889 1136 tranent,
1913 1071 1984 1122 mm
2010 1051 2097 1125 sum-

429 1175 432 1182 ’
573 1172 627 1224 ma
651 1152 815 1223 radiorum
844 1155 935 1224 srmul
960 1158 1190 1227 transeuntium
1215 1156 1276 1226 etit
1306 1171 1896 1239 1,00,000,000,000,000,000.
1931 1148 2096 1224 Ponamus

572 1269 634 1340 per
659 1248 745 1318 idem
767 1248 913 1322 foramen
938 1271 1059 1324 tanturn
1087 1250 1187 1343 trajici
1209 1275 1267 1322 20.
1291 1249 1426 1339 capillos
1450 1252 1563 1342 capitis
1589 1249 1708 1340 polle,
1743 1265 1836 1316 erunt
1862 1246 1976 1341 finguli
1999 1247 2098 1319 lumi·

572 1347 626 1415 nis
651 1345 730 1414 radii
761 1346 1441 1442 capillo--5000,0oo,000,090>090a
1463 1348 1527 1444 lire
1547 1349 1721 1438 quinquies
1744 1345 1876 1450 cannes,
1890 1340 2097 1420 milliuuelies

571 1442 977 1526 millioncsr'estenuiores.
1029 1467 1033 1475 ·
1106 1461 1151 1472 ·'
1243 1467 1295 1474 ··
1708 1449 1756 1466 ·’
1825 1447 1873 1463 ”

626 1600 674 1660 2⁰.
700 1592 733 1661 Si
763 1592 902 1688 uulgaris
930 1614 971 1663 ex
1003 1594 1080 1665 sebo
1102 1593 1236 1669 candela
1266 1593 1381 1664 ardens
1407 1594 1505 1662 nodiu
1537 1591 1569 1657 in
1595 1591 1687 1679 apice
1713 1587 1785 1658 aitae
1811 1592 1903 1659 turris
1927 1610 2090 1680 ponatur,

570 1689 617 1759 ab
641 1691 731 1758 omni
756 1711 845 1779 parte
864 1691 906 1762 ad
927 1689 1106 1762 distantiam
1129 1693 1252 1764 dimidii
1277 1688 1419 1762 milliaris
1433 1711 1457 1774 ,a
1480 1707 1564 1764 turre
1588 1686 1686 1756 videri
1702 1685 1829 1776 potesta
1855 1686 2003 1777 adeoque
2017 1692 2093 1762 nul·

574 1785 625 1856 lus
656 1788 688 1855 in
718 1786 846 1876 -sphaera
877 1788 1024 1873 diametri
1046 1791 1141 1860 unius
1161 1788 1304 1858 milliaris
1327 1785 1427 1856 oculo
1451 1784 1589 1855 concedi
1614 1781 1705 1852 locus
1730 1783 1864 1871 potest,
1897 1785 1953 1872 qui
1978 1807 2048 1856 non
2072 1809 2092 1859 e

574 1880 744 1957 flammula
771 1883 894 1953 radium
918 1884 998 1953 lucis
1019 1888 1177 1975 recipiat:
1209 1883 1308 1955 Radii
1335 1882 1368 1951 hi
1397 1903 1512 1953 omnes
1536 1882 1568 1950 in
1595 1878 1727 1949 flamma
1752 1882 1917 1972 aggregati
1940 1878 2091 1971 fuerunt,

570 2001 648 2069 quae
671 1999 746 2047 cum
767 1979 803 2048 lit
826 1982 942 2073 exigua
962 1979 1106 2071 respeiiu
1132 1985 1272 2077 ingentis
1294 1979 1443 2072 sphaetae,
1468 1975 1504 2048 δι
1529 1979 1673 2067 inprimis
1698 1974 1895 2065 superficiei,
1922 1997 1997 2066 quae
2021 1978 2092 2052 illu·

574 2078 732 2160 minatur,
759 2075 1095 2156 summamradiorum
1110 2078 1339 2162 ¹subtilitatem,
1364 2073 1550 2167 &partium
1565 2072 1791 2164 quatumlibet
1817 2093 1875 2151 eos
1897 2073 2095 2154 condimen.

575 2174 676 2256 tium,
703 2193 836 2262 quoque
859 2174 999 2262 probatq
1026 2177 1059 2245 in
1087 2197 1126 2245 oa
1148 2195 1256 2258 autem
1281 2173 1409 2264 sphaerae
1436 2170 1604 2261 superficie
1629 2168 1760 2259 pupillae
1770 2168 1958 2239 ,oculorum
1982 2170 2094 2245 huma·

572 2290 691 2352 norum
716 2272 798 2357 poni
829 2267 958 2359 polleat
989 2272 1222 2362 935515376.
1271 2270 1337 2340 Sed
1362 2290 1438 2340 cum
1472 2266 1605 2348 flamma
1629 2263 1772 2335 candelae
1797 2265 1838 2335 ad
1862 2266 1968 2336 multo
1992 2269 2093 2361 maio-

571 2386 640 2438 rem
669 2363 846 2435 distantiam
878 2363 977 2437 videti
1007 2365 1130 2456 pellit,
1165 2386 1317 2442 numerus
1345 2365 1511 2444 radiorum
1539 2384 1581 2434 ex
1605 2362 1740 2437 damma
1764 2362 1961 2435 evolantium
1985 2366 2090 2442 multo

571 2460 674 2553 major
695 2461 752 2532 est.

626 2615 675 2686 30.
701 2593 776 2665 Lux
800 2598 897 2666 etium
921 2596 952 2667 se
973 2619 1119 2689 penetrat
1141 2621 1202 2692 per
1226 2598 1472 2682 liniamentum,
1502 2596 1746 2685 Gemmarum,
1777 2597 1944 2670 Vitrotum
1968 2623 2091 2694 poros,

573 2695 631 2785 qui
650 2692 738 2763 adeo
757 2692 881 2790 angusti
906 2693 1005 2780 sunt,
1031 2716 1067 2767 ut
1092 2719 1158 2788 ope
1179 2718 1452 2788 quorumcunque
1476 2696 1807 2787 Illicroscopiorum,
1832 2698 1949 2787 quibus
1973 2701 2091 2774 millio·

572 2789 725 2860 nesrmam
749 2810 872 2881 partem
901 2795 991 2883 grani
1024 2793 1121 2862 sabuli
1149 2793 1243 2864 facile
1276 2794 1488 2882 distindieque
1517 2793 1754 2877 discernimus,
1786 2792 1892 2888 detegi
1922 2793 2091 2889 hucusque

571 2906 640 2956 non
670 2890 860 2976 potuerint:
891 2886 1036 2978 Oportet
1056 2890 1157 2985 igitur
1186 2910 1220 2959 ut
1245 2890 1399 2980 quaelibet
1419 2888 1502 2957 lucis
1526 2888 1691 2980 particula
1715 2889 1766 2960 his
1790 2892 1877 2981 poris
1900 2889 1960 2960 lint
1983 2893 2090 2967 multo

572 3001 747 3058 tenurores.
1357 3030 1362 3040 ·

619 3137 652 3233 q.
677 3135 918 3209 MDCLXIX.
944 3137 1034 3232 Quia
1055 3155 1143 3210 tanta
1165 3140 1211 3210 eli
1235 3138 1336 3212 Lucis
1363 3141 1546 3229 subtilitas,
1571 3141 1636 3211 sola
1656 3139 1757 3229 Lux,
1789 3144 1841 3216 vel
1864 3163 1963 3236 prout
1985 3146 2032 3218 est
2054 3149 2089 3221 in

570 3234 652 3304 statu
675 3232 932 3323 fimplicilsrmo,
965 3256 1027 3304 nec
1051 3236 1316 3327 comprehendi,
1345 3259 1408 3308 nec
1433 3238 1497 3308 sola
1522 3241 1693 3309 examinari
1719 3242 1849 3331 potest,
1876 3251 1956 3313 'cum
1979 3245 2087 3316 omnia

570 3348 709 3399 transeat
733 3329 825 3398 vasa:
860 3329 936 3399 ideo
967 3329 1116 3401 nonnulli
1151 3331 1339 3425 Philosophi
1367 3355 1438 3404 earn
1459 3338 1511 3405 vix
1534 3357 1652 3425 corpus
1673 3336 1763 3423 elie,
1797 3337 1849 3408 sed
1874 3337 1997 3431 aliquid
2019 3361 2087 3412 me-

572 3424 662 3538 dium
691 3427 777 3528 ⁴inter
806 3425 968 3594 meqperiale
993 3423 1027 3500 δι
1048 3429 1256 3518 immateriale
1280 3430 1359 3539 (a)
1383 3431 1601 3505 alle-ruerunt:
1627 3454 1737 3505 verum
1762 3456 1952 3536 perperam,
1977 3456 2084 3511 revera

572 3541 659 3593 enrrn
685 3543 804 3615 corpus
874 3574 884 3593 .

581 3739 584 3750 .
624 3677 662 3776 h.
694 3679 920 3768 MDCLXX,
952 3680 1044 3764 Dum
1069 3682 1144 3762 Lux
1166 3683 1252 3756 Solis
1277 3684 1503 3776 perforamen
1526 3683 1702 3756 rotundum
1728 3686 1761 3755 in
1785 3685 1884 3757 alium
1909 3686 2090 3772 locumte-

571 3778 745 3866 nebrolum
769 3778 799 3849 se
823 3777 994 3860 infundit,
1019 3781 1075 3865 qui
1099 3777 1275 3856 admodum
1297 3781 1416 3872 longus
1438 3783 1511 3865 est,
1544 3779 1580 3849 de
1603 3781 1699 3849 Aeris
1724 3803 1819 3871 aeque
1843 3782 1931 3854 deuii
1956 3806 2016 3875 per
2039 3804 2090 3856 to·

574 3895 639 3944 tarn
662 3873 899 3966 longitudinem
923 3870 1039 3961 plenus
1063 3873 1149 3940 tedia
1174 3875 1302 3967 pergit,
1328 3870 1363 3942 ἃ
1386 3875 1418 3943 in
1441 3874 1549 3944 tabula
1572 3875 1664 3944 valde
1689 3874 1814 3946 dillanti
1831 3880 2003 3950 rotundam
2018 3883 2091 3971 pin·

598 3972 622 4037 't
643 3965 729 4049 Solis
752 3968 955 4063 imaginem,
988 3964 1143 4044 distantiae
1164 3968 1468 4064 proportionalem,
1499 3989 1703 4058 nequaquam
1729 3968 1760 4037 se
1785 3970 1954 4040 lateraliter
1977 3977 2011 4040 in
2038 3999 2093 4048 ro·

576 4061 714 4135 tondum
737 4062 894 4134 undarum
916 4060 1012 4134 inllar
1032 4059 1270 4148 diffundendo:
1304 4063 1448 4135 Proinde
1470 4061 1543 4135 Lux
1568 4084 1635 4134 non
1661 4082 1836 4149 movetur,
1860 4064 1958 4135 veluti
1982 4066 2093 4146 Sonus

572 4163 608 4233 in
633 4160 750 4247 Aere,
781 4179 837 4232 aut
859 4160 955 4248 undae
973 4161 1006 4229 in
1029 4157 1158 4247 fluido,
1182 4164 1229 4246 uti
1252 4162 1294 4232 ab
1320 4159 1505 4258 Hugenio,
1536 4157 1570 4244 dt
1595 4158 1707 4252 postea
1730 4182 1749 4230 a
1773 4160 1937 4232 nonnullis
1963 4161 2092 4253 inclytis

573 4255 721 4330 assertum
744 4254 961 4348 Philosophia
1009 4252 1136 4328 Lucem
1157 4271 1292 4352 quoque
1313 4262 1399 4344 reda
1422 4258 1591 4343 incedere,
1616 4256 1739 4327 umbrae
1764 4258 1836 4348 post
1861 4278 1998 4348 corpora
2013 4282 2091 4353 pro·

570 4353 664 4448 jede
683 4355 848 4444 evincunt,
898 4349 986 4430 Cum
1009 4372 1116 4440 tamen
1140 4357 1197 4445 qui
1223 4356 1362 4427 alateee
1386 4355 1505 4448 speltae
1522 4359 1543 4442 ,'
1566 4354 1689 4426 flumen
1715 4357 1877 4426 radiorum
1902 4358 1989 4426 retia
2013 4379 2091 4448 pro·

573 4451 772 4539 currentium
793 4449 972 4533 discernit,
996 4448 1094 4542 aliqui
1116 4451 1195 4533 radii
1213 4450 1256 4530 ad
1280 4451 1363 4524 latus
1384 4471 1527 4536 exeunt;
1552 4451 1643 4543 quod
1666 4449 1713 4520 est
1735 4452 1952 4538 veriffimum,
1978 4452 2032 4525 sed
2055 4455 2089 4534 hl

575 4543 759 4626 incidemnt
779 4546 814 4617 in
834 4543 1034 4637 pulvisculus
1059 4548 1094 4618 in
1117 4547 1192 4634 aere
1221 4546 1392 4630 volantes
1418 4545 1453 4622 dt
1476 4551 1640 4648 agitatos,
1673 4550 1911 4630 reverberantes
1936 4570 2089 4717 quoqqo·

1981 4668 2038 4720 ver
2051 4665 2087 4722 ua

578 4877 588 4898 ·
648 4846 713 4929 (a)
730 4846 843 4916 Hieme
860 4847 931 4913 hdr
947 4849 1078 4916 cuente.
1100 4849 1173 4932 cap.
1189 4867 1208 4929 a
1226 4867 1304 4933 pag.
1319 4855 1368 4921 aa

582 5023 634 5052 ΡΝ
