4992 6767
453 623 459 630 ⁵
561 677 1630 776 onmnanoitisioiunis
1759 721 1879 811 ,0732

384 880 416 984 ς.
444 878 702 956 MMDXXVI.
729 881 802 976 jani
830 879 871 952 ad
892 879 1023 953 alteram
1040 877 1178 971 speciem
1202 878 1361 954 Fulminis
1381 884 1526 972 accedo,
1551 909 1624 979 quae
1648 889 1863 981 aliquomodo

338 986 379 1059 ad
405 983 557 1056 liolidem
580 981 689 1052 referri
716 980 849 1072 potest,
881 977 933 1049 sed
958 1002 1034 1052 cum
1058 981 1090 1050 in
1121 979 1286 1052 nonnullis
1308 984 1563 1073 apparitionibus
1587 985 1713 1057 disserat
1735 994 1776 1061 ab
1803 1015 1861 1079 ea,

339 1083 374 1155 ἃ
402 1085 557 1156 convenit
579 1102 655 1151 cum
679 1079 815 1151 fuhnine
837 1076 872 1148 dt
899 1080 1056 1162 tonitru,
1095 1077 1124 1149 F
1127 1077 1237 1149 ulmini
1261 1078 1424 1171 adscripsi.
1486 1083 1581 1176 Saepe
1607 1085 1698 1180 globi
1724 1090 1816 1183 igniti
1842 1091 1862 1162 e

338 1184 425 1254 coelo
452 1188 483 1252 in
511 1181 646 1251 Terram
670 1178 858 1260 decidunt,
883 1179 940 1267 qui
962 1178 1013 1247 vel
1044 1178 1187 1273 integri,
1212 1176 1264 1247 vel
1287 1179 1323 1247 in
1342 1199 1450 1269 partes
1470 1181 1622 1274 discerpti
1645 1184 1685 1254 ad
1708 1190 1792 1257 varia
1809 1189 1862 1260 lo·

338 1304 377 1351 ca
399 1281 576 1363 seruntur,
602 1298 677 1348 cum
702 1275 832 1373 fragore
857 1275 1112 1365 disploduntur‚
1145 1274 1280 1346 edentes
1305 1297 1437 1372 magnas
1461 1280 1627 1372 tristesque
1652 1282 1799 1379 strages,
1826 1285 1862 1358 ἃ

339 1379 536 1449 arumnosas
557 1377 752 1448 calamitates
789 1375 877 1469 (a).
937 1372 1057 1444 llslultae
1088 1373 1197 1443 talium
1229 1372 1443 1445 deciduorum
1466 1377 1640 1473 globorum
1665 1379 1803 1454 historiae
1828 1387 1864 1458 in

339 1477 509 1547 annalibus
532 1475 779 1546 custodiuntur:
813 1476 904 1544 brevi
928 1472 1099 1563 postquam
1126 1470 1203 1541 Rex
1228 1469 1398 1562 Philippus
1424 1472 1469 1547 V.
1497 1475 1679 1548 Madritum
1706 1481 1864 1575 ingressus

338 1571 429 1659 fuit,
463 1574 586 1644 fulmen
611 1574 666 1644 sub
697 1570 801 1642 forma
827 1572 947 1668 globi,
981 1571 1202 1665 magnitudine
1234 1572 1348 1658 capitis
1373 1569 1531 1660 humani,
1565 1577 1599 1666 in
1629 1577 1786 1667 templum
1810 1602 1865 1650 ce·

340 1670 448 1756 cidit,
473 1672 526 1742 hic
549 1673 667 1768 globus
691 1669 853 1760 perforato
876 1672 963 1740 tedio
990 1672 1022 1737 in
1047 1668 1127 1737 duas
1143 1686 1248 1756 partes
1275 1665 1432 1756 secretus,
1459 1674 1617 1763 templum
1641 1696 1862 1769 magnacum

340 1767 474 1860 strepitu
499 1770 545 1839 est
567 1789 768 1865 pervagatus:
785 1766 882 1838 altera
906 1788 979 1856 pars
1002 1767 1036 1834 in
1053 1770 1195 1834 minores
1213 1764 1397 1853 particulas,
1416 1770 1501 1838 miro
1525 1769 1670 1842 salientes
1692 1773 1808 1858 modo,
1817 1774 1867 1844 di·

339 1866 538 1953 videbatur,
563 1890 636 1959 quae
661 1867 790 1937 tandem
812 1883 1020 1936 evanuerunt.
1071 1861 1176 1931 Globi
1209 1860 1395 1951 hujusmodi
1419 1865 1452 1933 in
1478 1863 1571 1936 lineis
1596 1872 1701 1939 curvis
1726 1871 1864 1942 bomba-

340 1983 413 2032 runi
441 1967 560 2051 inslar,
594 1965 726 2036 ecoelo
750 1963 893 2049 excussi,
926 1961 999 2034 sunt
1021 1960 1106 2032 visi:
1146 1980 1233 2030 anno
1266 1978 1352 2049 ¹711
1382 1963 1416 2029 in
1440 1957 1594 2032 Devonia
1623 1967 1656 2034 in
1689 1966 1865 2056 Sainpsord

342 2058 517 2149 Courtney
544 2063 643 2154 aliqui
671 2066 704 2134 in
727 2066 855 2152 porticu
888 2060 1000 2149 templi
1025 2058 1141 2128 stantes
1168 2055 1304 2151 globum
1331 2059 1468 2150 ignitum
1499 2060 1692 2130 intermedio
1725 2065 1808 2135 inter
1833 2065 1864 2135 se

340 2156 419 2228 loco
443 2159 592 2228 decidere
618 2158 796 2241 viderunt,
823 2163 879 2248 qui
904 2157 1054 2225 difflliens
1077 2175 1193 2222 omnes
1216 2154 1406 2241 prostravit:
1434 2154 1566 2227 aderant
1584 2161 1679 2228 etiam
1707 2159 1761 2230 alii
1785 2182 1865 2250 qua·

341 2272 413 2323 tuor
436 2252 574 2343 majores
599 2256 723 2348 globi,
749 2253 974 2347 magnitudine
998 2253 1130 2344 pugni,
1156 2247 1291 2339 projet‘li
1315 2252 1348 2317 in
1371 2249 1525 2339 templo,
1552 2257 1661 2343 quiin
1684 2253 1864 2350 fragmenta

337 2348 504 2441 displosa,
539 2350 699 2439 templum
733 2349 827 2418 fumo
860 2347 996 2442 &igne
1027 2347 1251 2437 impleverunt.
1316 2345 1454 2415 Barbam
1495 2350 1527 2419 in
1555 2349 1698 2442 Joinaica
1727 2352 1866 2446 globum

335 2448 474 2541 ignitum
499 2447 722 2539 magnitudine
754 2448 887 2518 bonibae
914 2448 1020 2531 vidit,
1056 2444 1240 2534 quisubito
1268 2446 1441 2514 interram
1472 2446 1645 2537 delapsus,
1680 2451 1790 2539 plures
1814 2451 1866 2522 su·

334 2565 408 2613 reas
433 2545 502 2613 solo
528 2543 723 2633 insculpsit,
751 2566 886 2634 quatum
909 2567 971 2615 una
1002 2543 1147 2616 crallitiei
1170 2543 1344 2623 hominis,
1377 2543 1447 2612 aliae
1471 2548 1574 2640 pugni
1601 2546 1765 2636 aequales:
1798 2552 1863 2639 pti·

335 2660 386 2708 ma
412 2640 497 2710 adeo
526 2640 687 2731 profunda
711 2641 798 2732 suit,
826 2664 861 2711 ut
884 2642 1045 2726 funibus,
1080 2644 1135 2729 qui
1160 2661 1226 2709 tum
1253 2640 1425 2729 praesentes
1446 2663 1566 2728 erant,
1599 2642 1718 2714 fundos
1740 2647 1863 2717 inveni·

334 2740 361 2805 ri
381 2760 449 2806 non
475 2742 630 2827 potuerit.
682 2738 791 2808 Walse
813 2761 899 2810 anno
931 2759 1020 2831 1725
1049 2742 1081 2808 in
1107 2736 1322 2826 tempestate,
1348 2759 1412 2825 qua
1437 2741 1543 2826 pastor
1565 2763 1641 2809 cuni
1665 2743 1811 2832 quinque
1825 2764 1863 2815 o·

332 2835 426 2903 vibus
451 2834 610 2931 fulguritis
634 2840 754 2925 periit,
782 2840 931 2922 notavit,
957 2838 1093 2933 globum
1121 2836 1258 2928 ignitum
1283 2836 1505 2928 magnitudine
1525 2839 1647 2930 pugni,
1673 2840 1705 2906 iii
1724 2860 1863 2928 quatuor

333 2927 512 3024 fragmenta
534 2935 733 3020 diremtum,
760 2936 948 3025 apparuisse.
974 2931 1209 3006 Scheuchl'erus
1232 2932 1380 3017 tradidit,
1404 2954 1492 3003 anno
1514 2952 1606 3025 1724
1631 2934 1738 3005 mense
1755 2935 1863 3025 Mayo

332 3029 419 3118 apud
444 3029 721 3102 Abbatiscellanos
751 3031 874 3102 fulmen
900 3056 958 3123 per
983 3033 1111 3101 culmen
1135 3031 1253 3099 domus
1273 3030 1496 3111 descendisse,
1529 3033 1585 3101 ubi
1608 3034 1730 3102 trabem
1753 3033 1862 3123 perso·

332 3127 438 3211 ravit,
469 3132 502 3198 in
530 3128 765 3217 hypocatillum
803 3129 976 3223 ingressum
1003 3128 1202 3217 spectabatur
1227 3127 1283 3196 sub
1308 3126 1411 3196 sotma
1444 3128 1536 3220 globi
1561 3128 1683 3220 igniti,
1715 3132 1771 3220 qui
1797 3131 1862 3200 dis-

332 3221 439 3297 siliens
461 3224 614 3295 senellras
638 3226 824 3310 destruxit,
864 3223 1082 3316 sartorenique
1108 3245 1235 3314 pannos
1268 3222 1479 3294 consuentem
1513 3223 1601 3293 laesit.
1634 3226 1736 3294 Anno
1768 3246 1861 3318 1750

332 3318 386 3390 die
417 3344 459 3392 io
486 3321 599 3392 Martii
626 3318 750 3395 Hornae
776 3325 958 3395 terribiliter
983 3322 1205 3410 fulminabat,
1231 3318 1354 3392 fulmen
1380 3321 1436 3391 sub
1459 3319 1564 3390 fornia
1593 3321 1685 3418 globi
1709 3324 1802 3415 igniti
1826 3325 1861 3395 iu

332 3415 423 3488 litata
448 3423 569 3488 uiarum
597 3420 717 3504 lapsum
744 3422 879 3505 resiliit,
914 3423 1006 3490 turris
1030 3420 1190 3491 fornicem
1222 3418 1307 3487 seriit
1333 3440 1409 3487 cum
1442 3413 1649 3508 crepitu,&
1681 3416 1859 3491 inflamma·

331 3518 387 3583 vit.
437 3517 536 3581 Anno
568 3530 659 3600 1745
687 3512 740 3580 die
771 3532 813 3600 13
838 3511 980 3600 Januarii
1005 3511 1158 3580 coluiiina
1180 3511 1279 3602 ignita
1308 3513 1438 3580 ecoelo
1464 3515 1628 3596 decidua,
1655 3539 1728 3604 quae
1751 3519 1860 3588 radios

333 3607 465 3679 crassitie
493 3606 616 3675 brachii
638 3606 805 3689 humani,
851 3603 884 3676 dt
909 3605 1058 3702 globos,
1099 3626 1175 3679 cuin
1200 3626 1321 3701 magno
1344 3609 1468 3698 impetu
1496 3604 1530 3676 dt
1556 3612 1681 3700 crepitu
1705 3612 1861 3701 displosas

330 3704 567 3799 ejaculabatur,
594 3702 758 3774 observata
782 3705 852 3775 suit.

389 3836 425 3926 §.
450 3829 722 3906 lllllilDXXVll.
755 3828 923 3925 Quoniam
957 3831 991 3900 hi
1023 3831 1114 3927 globi
1146 3835 1239 3929 igniti
1274 3830 1407 3906 dcoelo
1432 3832 1619 3906 ceciderunt
1651 3838 1856 3932 interram,

330 3937 480 4007 materies
499 3952 613 4002 eorum
646 3932 679 4000 in
705 3927 829 3998 sublimi
854 3929 932 4000 adae
959 3933 1110 4017 natavit,
1144 3955 1221 4002 rarae
1248 3933 1344 4003 nubis
1366 3931 1484 4004 instar.
1517 3954 1591 4023 quae
1617 3954 1635 4001 a
1662 3954 1858 4026 quacunque

329 4032 424 4104 causa
448 4030 566 4102 deinde
584 4026 739 4112 densata,
766 4026 904 4098 rotunda
925 4028 1049 4113 evasit,
1074 4029 1172 4101 veluti
1195 4030 1337 4102 fluidum
1364 4032 1398 4102 in
1424 4030 1531 4103 fluido
1554 4029 1629 4121 pilae
1646 4029 1784 4103 sormam
1808 4034 1857 4104 iti·

330 4132 401 4202 duit
424 4127 618 4199 extrinsecus
642 4124 797 4208 incensa,
822 4127 969 4215 pondere
992 4127 1114 4197 cecidit
1136 4132 1168 4199 io
1197 4149 1337 4212 terram,
1371 4131 1493 4199 interea
1523 4148 1591 4197 tota
1617 4127 1713 4197 massa
1732 4132 1857 4200 interna

328 4226 481 4300 calesasla
499 4224 740 4308 vehementius,
765 4222 914 4294 celeriter
943 4224 1160 4311 inflammata,
1192 4224 1226 4296 dt
1250 4225 1386 4319 displosa
1408 4225 1490 4313 suit,
1514 4227 1623 4295 adrem
1647 4246 1856 4315 quoquover-

332 4325 383 4394 sus
400 4349 441 4396 eit
470 4324 547 4394 loco
572 4343 647 4392 cuin
672 4324 818 4393 martimo
848 4326 974 4413 impetu
1008 4324 1212 4414 expellens,
1253 4326 1367 4396 sonum
1404 4328 1617 4415 crepitantem
1651 4322 1854 4393 stridentem·

335 4441 400 4513 que
419 4422 548 4505 edidit,
573 4416 609 4489 dt
629 4420 799 4513 prostravit
821 4420 971 4493 homines
992 4443 1056 4494 una
1079 4444 1156 4494 cum
1180 4423 1276 4511 aliis,
1310 4447 1383 4515 quae
1407 4420 1573 4509 offendit,
1598 4419 1758 4513 objedlis:
1783 4420 1855 4590 haefic

405 4730 461 4810 (θ)
483 4728 652 4808 Phl¹0s⁰lllb
672 4736 821 4798 Transi&
843 4739 900 4797 No·
927 4745 995 4810 ³³⁶·
1016 4740 1074 4802 N..
1096 4754 1163 4820 357·
1185 4741 1242 4803 N0.
1264 4756 1329 4817 390
1385 4738 1508 4802 collect.
1530 4734 1661 4798 Brealrv.
1687 4733 1742 4797 Ao.
1767 4747 1853 4807 irir.

472 4829 539 4889 pag.
564 4826 627 4882 ¹57·
674 4815 798 4875 Miscell.
828 4818 947 4875 iictolln
991 4817 1111 4881 Contio.
1141 4837 1168 4880 a.
1192 4840 1223 4900 p.
1252 4841 1280 4884 a.
1302 4838 1368 4902 pag.
1390 4837 1456 4895 114·
1512 4816 1702 4881 Scheuchsetl
1724 4816 1852 4874 Mereor.

473 4891 595 4951 Helvet.
618 4907 683 4967 pag.
705 4909 750 4964 24·
773 4894 800 4952 dt
831 4897 886 4973 seq.
907 4898 1048 4962 Foiuaier
1067 4901 1216 4982 Hydrogt.
1239 4906 1309 4971 Lir.
1336 4917 1387 4970 xv.
1420 4901 1548 4969 Chen.
1593 4894 1713 4966 boilase
1746 4892 1867 4956 litim.-

474 4970 551 5031 Hist.
575 4969 611 5032 os
625 4970 781 5034 coronali.
805 4973 856 5038 cn.
878 4992 908 5039 a.
