4992 6767
530 634 1184 774 oamsrnortts
1240 691 1597 803 AQtrhls.
1743 723 1849 808 1017

326 887 465 986 glaciem
494 884 577 954 inter
597 879 773 952 labendum
796 880 829 950 in
847 877 988 970 pluviam
1005 880 1173 956 refundat:
1198 885 1368 977 adeoque,
1394 885 1560 981 iigmndo
1580 892 1615 962 in
1638 889 1749 961 infima
1767 912 1847 982 par·

325 1008 358 1057 te
382 983 523 1078 regionis
548 978 660 1050 nivalis
691 997 732 1048 ex
754 978 855 1072 guttis
875 977 993 1066 pluviae
1020 1001 1088 1052 non
1112 982 1290 1053 admodum
1314 988 1441 1080 magnis
1463 985 1601 1058 formata
1622 985 1743 1078 suerit,
1768 1009 1844 1081 gra·

326 1104 368 1154 na
393 1078 557 1176 grandinis
584 1077 748 1146 interram
772 1073 858 1163 lapsa
878 1096 946 1145 non
969 1076 1145 1150 admodum
1174 1100 1291 1175 magna
1315 1102 1419 1154 erunt.
1473 1082 1603 1155 AEstate
1623 1107 1690 1156 non
1713 1085 1846 1181 grandi-

325 1199 409 1262 nat,
434 1175 490 1246 nis
517 1173 695 1245 comitante
719 1169 888 1253 fulmine,
929 1167 1058 1244 &tum
1091 1174 1215 1266 semper
1238 1197 1279 1247 ex
1304 1177 1366 1248 alta
1386 1181 1519 1275 regione
1546 1183 1680 1267 nivali,
1721 1186 1848 1270 inqua

325 1276 461 1346 formata
484 1271 559 1353 eil,
584 1269 729 1340 decidit:
756 1267 949 1360 plerumque
975 1271 997 1340 si
1024 1293 1123 1366 grana
1142 1272 1262 1345 fuerint
1284 1295 1400 1365 parva,
1424 1279 1508 1348 inter
1528 1277 1703 1351 labendum
1728 1279 1769 1350 ab
1787 1280 1845 1348 as·

325 1375 369 1444 ris
392 1371 501 1442 calore
526 1367 598 1439 sunt
617 1364 738 1453 refusa,
759 1388 932 1456 antequam
949 1373 1081 1439 veniunt
1101 1368 1143 1439 ad
1168 1369 1325 1456 Terram,
1350 1372 1401 1442 vel
1427 1371 1536 1464 illapsa
1551 1375 1623 1446 sunt
1648 1381 1786 1473 exigua,
1810 1372 1846 1447 &

326 1468 496 1561 extemplo
518 1461 644 1537 refusa:
671 1462 796 1557 semper
821 1485 927 1535 tanten
957 1468 1065 1536 a'e‘rem
1094 1468 1254 1538 calentem
1279 1489 1492 1560 temperant,
1518 1469 1554 1542 dt
1580 1472 1779 1567 refrigerant.

375 1606 688 1681 MMCCCXClll.
713 1603 890 1678 Grandinis
919 1610 1111 1703 magnitudo
1134 1610 1179 1679 est
1212 1613 1405 1701 plerumque
1440 1632 1476 1681 ut
1504 1631 1667 1708 guttarum
1704 1612 1849 1704 pluviae:

325 1708 425 1782 veluti
457 1710 556 1803 igitur
581 1724 780 1801 guttarum,
811 1707 854 1773 ita
884 1708 1049 1799 grandinis
1089 1708 1282 1801 magnitudo
1314 1706 1503 1797 discrepat:
1540 1715 1695 1801 quoniam
1729 1710 1849 1801 pluvia:

326 1805 417 1879 stillae
442 1803 513 1876 sunt
550 1805 706 1899 exigua,
741 1824 813 1894 quae
851 1801 1024 1872 innubis
1054 1822 1169 1890 parte,
1204 1804 1379 1894 suprema,
1416 1825 1470 1872 aut
1506 1805 1617 1876 infima
1645 1807 1847 1894 formantur,

327 1905 440 1995 quales
481 1904 515 1972 in
546 1903 667 1972 vertice
707 1902 868 1971 montium
900 1896 1100 1968 excelsorum
1133 1898 1279 1982 cadunt,
1320 1898 1445 1992 grando
1485 1902 1529 1970 ibi
1570 1923 1704 1992 quoque
1749 1907 1848 1974 mini·

326 2021 380 2071 ma
410 2001 498 2084 erit:
531 1996 632 2088 major
662 2000 695 2068 in
732 1994 888 2065 vallibus:
920 1994 997 2064 idco
1023 1994 1079 2064 cl.
1105 1995 1342 2063 Scheuchserus
1363 2015 1461 2087 grana
1484 1998 1648 2088 grandinis
1670 2000 1849 2073 admodum

324 2100 444 2192 exigua
473 2098 507 2166 in
535 2094 668 2182 Alpium
688 2091 774 2185 jugis
795 2088 992 2175 observavit,
1018 2092 1108 2180 quod
1122 2090 1293 2159 confirmat
1308 2090 1403 2157 etiam
1418 2092 1555 2160 eximius
1577 2091 1749 2164 Beccarius
1766 2095 1849 2186 (a),

324 2194 476 2280 idemque
498 2189 567 2259 allis
589 2190 624 2259 in
648 2187 815 2259 montibus
831 2190 1045 2278 contingere,
1070 2205 1111 2253 ex
1134 2185 1335 2267 Fromondi,
1357 2182 1392 2252 dt
1416 2185 1553 2254 aliorum
1574 2187 1852 2264 observationibus

324 2288 458 2365 constat.

371 2420 403 2519 §·
432 2411 755 2489 MlllCCCXClV.
782 2412 875 2484 Raro
895 2411 1028 2511 granula
1050 2413 1215 2510 grandinis
1239 2413 1310 2487 sunt
1337 2418 1369 2487 in
1392 2416 1572 2508 persedum
1599 2420 1713 2491 orbem
1740 2436 1854 2491 corro-

323 2517 485 2599 tundata;
517 2533 628 2581 verum
659 2510 738 2581 hinc
763 2511 839 2582 inde
860 2512 1051 2602 plerumque
1075 2512 1273 2602 applanata,
1305 2514 1514 2606 compressa,
1551 2511 1732 2611 angulosa,
1763 2536 1849 2590 con·
1983 2529 1987 2540 ·

325 2636 427 2687 cava:
453 2608 559 2700 qualia
580 2610 613 2679 in
632 2609 743 2699 primis
766 2605 871 2692 sunt,
916 2608 938 2679 si
969 2607 1104 2699 spirante
1128 2607 1255 2680 fortiori
1283 2631 1381 2682 vento
1406 2612 1617 2683 deciderint:
1656 2614 1727 2685 haec
1760 2616 1850 2685 enim

326 2714 475 2784 oriuntur
498 2707 667 2788 aventis,
700 2702 818 2795 pluviae
842 2725 949 2802 guttas
972 2706 1122 2796 inaequali
1151 2704 1258 2798 pressu
1288 2712 1322 2777 in
1351 2712 1468 2778 variam
1499 2709 1634 2802 liguram
1667 2709 1853 2781 reducenti·

328 2809 420 2892 bus,
445 2824 573 2892 quam,
598 2802 677 2872 dum
702 2802 944 2896 congelantur,
977 2805 1126 2874 retinent.
1194 2801 1443 2892 Nonnunquam
1497 2807 1598 2873 tando
1621 2804 1667 2873 est
1691 2806 1852 2888 mollior,

328 2901 362 2975 ἃ
390 2901 476 2992 quas
501 2897 696 2969 extrinsecus
721 2897 821 2969 serini
846 2899 991 2990 adspersa
1012 2896 1124 2969 soret:
1149 2899 1195 2970 eil
1218 2898 1289 2970 haec
1312 2903 1447 2994 exigua,
1472 2825 1565 2969 saeue
1584 2900 1755 2991 liquescit,
1781 2899 1855 2989 lap·

329 3000 361 3070 fa
387 3000 578 3091 plerumque
604 2995 693 3066 coelo
714 2993 782 3064 sete
809 2996 1010 3085 tranquillo,
1035 2995 1202 3075 humido,
1227 2997 1363 3086 tepido:
1392 3000 1519 3087 vaporis
1543 3000 1629 3066 enim
1653 2999 1753 3067 exiles
1777 3017 1853 3086 par·

326 3097 463 3175 riculae,
487 3098 519 3165 in
550 3093 627 3167 aere
648 3112 754 3181 prope
781 3092 883 3160 solum
904 3092 1034 3174 fluidae,
1062 3091 1260 3183 sparsaeque,
1282 3094 1401 3182 quibus
1424 3092 1578 3187 grando,
1604 3113 1644 3161 ex
1668 3094 1773 3163 altiori
1789 3113 1854 3165 nu·

327 3198 370 3265 he
391 3193 556 3276 decidua,
582 3194 616 3260 in
641 3187 784 3260 inferiori
805 3188 892 3258 alitis
920 3192 1020 3258 traelu
1054 3191 1224 3274 occurrit,
1249 3186 1498 3269 adhaerescunt,
1531 3189 1773 3284 congelantur,
1798 3210 1856 3261 ex·

329 3295 545 3379 acrioremque
569 3285 702 3357 farinam
727 3285 890 3380 grandinis
912 3283 1067 3356 efficiunt.

371 3388 466 3479 Saepe
489 3385 636 3481 grandini
655 3386 688 3453 in
713 3381 823 3452 medio
847 3380 982 3452 nucleus
1004 3380 1084 3452 inest
1106 3403 1259 3472 opacus,
1284 3382 1407 3466 albus,
1440 3405 1539 3474 quem
1577 3402 1691 3455 cortex
1712 3381 1853 3472 pelluci-

328 3485 399 3555 dior
421 3486 544 3551 ambit:
570 3481 697 3546 videtur
717 3475 771 3543 hic
793 3475 929 3544 nucleus
951 3479 1040 3560 prius
1063 3482 1191 3564 genitus
1210 3480 1244 3546 in
1266 3476 1373 3547 altiori
1398 3484 1532 3573 regione
1558 3479 1654 3549 nivali
1676 3480 1854 3551 vehemen-

332 3599 380 3648 ter
403 3576 558 3669 gelante,
594 3569 629 3636 &
653 3586 771 3657 magna
795 3565 949 3632 decidens
970 3564 1133 3635 celeritate
1159 3569 1333 3636 occurrisse
1354 3578 1455 3663 guttis
1476 3573 1594 3658 pluviae
1619 3572 1854 3659 inferioribus,

329 3672 490 3762 iquibus
520 3669 554 3735 in
580 3660 760 3732 rotundum
788 3660 953 3728 ambitur:
986 3660 1057 3730 haec
1088 3661 1206 3732 deinde
1230 3665 1249 3733 d
1273 3660 1393 3754 frigore
1420 3686 1484 3734 tam
1507 3664 1591 3735 alitis
1621 3687 1719 3756 quant
1749 3671 1856 3741 nuclei

330 3775 362 3842 in
388 3767 524 3863 glaciem
551 3779 684 3851 quoque
706 3756 865 3837 vertitur,
891 3753 944 3827 sed
968 3778 1043 3827 cum
1068 3761 1102 3829 in
1123 3756 1267 3830 infcriori
1289 3760 1364 3831 alite
1386 3762 1463 3857 gelu
1480 3765 1588 3833 minus
1620 3762 1781 3834 intensum
1804 3765 1855 3853 fit,

355 3869 450 3935 laeies
470 3862 540 3932 haec
562 3856 704 3927 exterior
734 3851 780 3922 est
799 3851 956 3935 mollior,
981 3852 1188 3944 pellucetque
1210 3856 1299 3927 velut
1327 3856 1474 3953 glacies,
1499 3880 1572 3949 quae
1588 3862 1729 3951 primum
1755 3883 1857 3954 aquas

330 3891 481 4052 solitum
506 3956 656 4050 obtegit:
689 3949 772 4020 forte
802 3951 898 4019 etiam
925 3969 1038 4020 cortex
1069 3952 1193 4023 constat
1218 3975 1259 4023 ex
1282 3955 1415 4049 glacie,
1450 3978 1523 4047 quae
1548 3958 1674 4048 incepit
1704 3959 1854 4048 refundi,

333 4059 452 4131 nucleo
469 4072 620 4126 manente
638 4046 744 4120 adhuc
767 4044 861 4117 duro.
911 4046 1003 4118 Solet
1028 4047 1099 4120 haec
1123 4051 1288 4144 grandinis
1309 4051 1431 4143 species
1454 4052 1547 4123 simul
1570 4074 1647 4124 cum
1677 4056 1854 4128 intermista

331 4156 439 4250 pluvia
462 4154 587 4223 cadere.

378 4248 409 4347 s.
436 4240 775 4320 MMCCCCXCV.
800 4239 988 4331 Aliquando
1010 4239 1125 4335 glaciei
1159 4244 1286 4336 magnis
1313 4242 1503 4339 fragmentis
1537 4244 1733 4337 grandinat:
1774 4246 1853 4318 ideo

332 4351 453 4439 antiqui
481 4342 666 4433 Philosophi
693 4342 771 4434 (b)
812 4338 1041 4421 crediderunt,
1077 4338 1181 4408 nubes
1213 4342 1280 4410 inte
1338 4338 1441 4409 seffe
1466 4339 1580 4435 glaciei
1604 4340 1745 4429 moles,
1776 4366 1853 4433 qua:

333 4449 366 4515 in
395 4447 486 4513 variae
515 4439 745 4534 magnitudinis
776 4435 953 4531 fragmenta
983 4435 1242 4525 rumpebantur,
1335 4436 1505 4509 confertim
1541 4437 1733 4510 cadebant:
1767 4440 1848 4511 huc·

333 4560 437 4634 usque
461 4557 568 4608 tamen
591 4555 690 4607 nemo
718 4535 839 4607 nubem
868 4532 1136 4631 conglaciatam,
1165 4534 1297 4611 insite
1329 4554 1518 4624 ouantem,
1550 4535 1627 4608 licet
1651 4538 1686 4608 in
1707 4537 1771 4609 alta
1797 4560 1852 4610 re·

1751 4655 1853 4734 grone

405 4827 465 4904 (ι)
483 4827 541 4891 Del
561 4827 753 4889 Elesltlsrsuto
771 4830 872 4892 Lettte
894 4845 940 4903 ις.
963 4845 1027 4905 pag.
1051 4836 1110 4903 316
1442 4821 1446 4828 “

406 4911 466 4985 (a)
488 4908 640 4972 Lucretius
660 4907 727 4970 Lib.
746 4909 769 4968 L
790 4910 827 4969 v:
852 4924 918 4981 155·
957 4909 1067 4971 Seneca
1087 4908 1191 4993 Quasi.
1211 4907 1456 4989 :caramagna
1481 4911 1617 4977 Laertius
1639 4910 1676 4974 de
1695 4909 1815 4973 Stoicis.
