4992 6767
775 666 913 762 nn
1066 670 1393 764 rcum
1761 688 1847 797 m,

317 898 386 969 m,
426 872 590 961 minusque
615 869 624 938 i
674 866 700 940 is
724 867 952 958 compleditur
981 888 1076 958 quam
1108 865 1228 939 serrum
1262 869 1318 945 sub
1349 868 1464 962 aequali
1494 869 1688 943 volumine:
1720 877 1851 952 ideali·

319 973 448 1046 {lamma
463 967 610 1039 densetur
649 986 703 1036 atu
723 962 912 1051 sistulae,vel
930 964 1008 1035 radii
1022 965 1106 1036 Solis
1120 986 1279 1060 cogantur
1295 970 1328 1038 in
1342 965 1453 1039 focum
1470 972 1719 1064 exiguum,non
1738 974 1846 1044 minus

321 1069 545 1149 vehementer,
573 1084 635 1134 nec
660 1061 778 1132 tardius
804 1060 937 1133 flamma
959 1063 1130 1132 comburet
1158 1083 1256 1151 quam
1285 1062 1434 1153 serrum,
1468 1065 1522 1135 sed
1545 1068 1654 1155 potius
1674 1067 1847 1139 vehemen-

322 1153 440 1235 tius&
465 1178 586 1249 ocyus:
612 1159 736 1230 Verum
758 1161 895 1240 accedit,
911 1162 944 1230 in
969 1156 1056 1228 serto
1080 1158 1180 1230 denso
1205 1181 1322 1256 magna
1343 1164 1440 1254 copias
1465 1162 1604 1253 partium
1626 1164 1669 1234 ab
1692 1165 1848 1261 igneagi·

322 1278 477 1342 utacum,
503 1279 578 1347 quae
601 1260 692 1327 tadae
715 1256 951 1326 ambustionem
973 1254 1094 1346 juvant.
1773 1335 1779 1346 ‚

317 1383 336 1388 ··
372 1363 449 1447 130.
483 1353 555 1424 Cur
579 1353 711 1426 flamma
738 1352 882 1424 caudelae
906 1353 1047 1422 sebaceae
1078 1352 1209 1446 semper
1239 1353 1440 1443 aliquantum
1463 1379 1482 1426 a
1508 1355 1586 1427 sebo
1612 1354 1738 1428 dillatl
1771 1361 1847 1449 quia

319 1451 433 1524 sebum
457 1450 571 1546 friget,
595 1473 657 1522 nec
681 1449 739 1522 nisi
763 1447 973 1540 liquefactum
999 1445 1035 1520 dt
1062 1451 1257 1524 calesaslum
1290 1451 1370 1522 ultra
1400 1456 1484 1523 600.
1510 1453 1626 1547 gradus
1649 1454 1760 1524 ardere
1785 1477 1848 1547 po·

321 1550 403 1635 test,
426 1548 502 1618 hinc
523 1548 733 1620 necessarium
757 1547 803 1617 est
828 1548 911 1617 inter
934 1545 1035 1642 frigus
1062 1543 1097 1618 dt
1121 1548 1209 1618 bunc
1230 1547 1373 1619 calorem
1396 1570 1522 1620 tantum
1543 1549 1776 1636 intervallum,
1813 1553 1847 1622 in

322 1667 393 1736 quo
416 1645 547 1736 plurimi
572 1647 688 1742 gradus
713 1643 830 1716 caloris
861 1644 1065 1716 intermedii:
1114 1644 1195 1715 ldeo
1223 1648 1321 1714 etiam
1348 1645 1492 1735 superior
1515 1667 1590 1738 pars
1615 1644 1680 1716 sebi
1705 1667 1848 1717 concava

322 1742 367 1812 est
392 1745 425 1812 in
451 1740 588 1813 formam
612 1745 727 1814 catini:
752 1742 826 1831 quia
850 1760 923 1830 pars
946 1741 1130 1810 immediate
1149 1741 1294 1810 ambiens
1309 1761 1488 1813 cotoneum
1504 1744 1642 1813 maxime
1656 1741 1846 1831 incalescit,

323 1839 463 1929 proinde
480 1840 681 1931 citiusquam
699 1836 1225 1921 exterior,resunditurinsormam
1243 1836 1358 1928 fluidi,
1369 1838 1459 1927 quod
1474 1842 1589 1929 partim
1603 1841 1634 1908 in
1646 1858 1847 1924 cotoneum,

323 1934 412 2027 quast
429 1935 514 2005 tubis
534 1936 736 2026 capillaribus
748 1933 917 2018 conllans,
943 1932 1095 2019 trahitur,
1109 1936 1224 2024 partim
1241 1936 1274 2005 in
1290 1933 1324 2002 id
1337 1935 1378 2003 ab
1394 1937 1468 2004 aare
1482 1934 1629 2025 pellitur,
1655 1936 1731 2024 quia
1747 1938 1847 2008 rarior

324 2029 371 2102 est
391 2033 450 2104 adr
474 2037 509 2102 in
533 2034 694 2122 elychnio.
743 2031 865 2102 Sebum
887 2033 920 2101 in
943 2029 1128 2120 elychinurn
1156 2029 1352 2101 adscendens
1373 2033 1474 2125 magis
1496 2032 1664 2125 magisque
1682 2050 1845 2121 perpetuo

322 2128 507 2214 incalescit,
533 2128 567 2200 dr
594 2128 688 2200 altius
712 2127 909 2199 adscendens
929 2125 1200 2199 vehementillime
1229 2129 1388 2221 agitatur,
1411 2128 1544 2211 ebullit,
1574 2123 1760 2196 &ulterius
1779 2126 1843 2196 dis·

322 2223 453 2295 solvitur
473 2228 505 2296 in
529 2224 721 2298 tenuiffimas
740 2226 889 2296 ardentes
913 2223 1114 2314 particulas,
1140 2245 1212 2311 quae
1236 2222 1403 2292 flammam
1429 2223 1650 2306 constituunt,
1674 2222 1750 2292 hinc
1773 2245 1847 2314 par·

322 2340 369 2391 tes
396 2342 499 2412 prope
522 2322 608 2393 basm
635 2322 779 2393 flammae
802 2340 870 2389 non
895 2322 1034 2387 maxime
1059 2318 1193 2398 calent,
1226 2339 1287 2387 nec
1311 2320 1450 2386 maxime
1472 2316 1631 2386 raresasiae
1658 2317 1760 2399 sunt,
1792 2319 1846 2387 sed

320 2419 453 2509 paulum
482 2419 604 2499 altius,
634 2418 713 2485 ideo
742 2414 824 2483 bafis
847 2411 984 2482 flamma
1008 2413 1043 2481 in
1068 2410 1201 2482 candela
1224 2413 1270 2482 est
1299 2416 1428 2483 tenuior
1451 2433 1542 2504 parte
1574 2411 1680 2482 altiori
1693 2408 1774 2506 h&
1800 2413 1848 2483 est

322 2514 454 2584 caerulei
478 2513 612 2582 coloris.
1460 2531 1466 2542 ·

378 2622 453 2696 14⁰·
477 2606 549 2675 Cur
576 2623 781 2687 cotoneum,
813 2604 984 2694 postquam
1019 2603 1215 2693 aliquamdiu
1235 2607 1270 2675 in
1293 2604 1427 2678 flamma
1450 2607 1541 2691 arsit,
1566 2605 1742 2702 nigrescit?
1768 2610 1845 2698 quia

324 2702 505 2773 carbonem
526 2721 601 2772 cum
624 2699 737 2786 suum,
762 2718 831 2775 tum
858 2700 924 2770 sebi
946 2698 1097 2793 colligit,
1130 2701 1177 2768 uti
1201 2702 1348 2790 inprimis
1379 2706 1413 2773 in
1434 2703 1618 2774 ardentibus
1644 2702 1847 2792 lampadibus

325 2797 405 2869 oleo
429 2797 586 2867 instratus
608 2815 708 2886 patet.
1310 2853 1312 2857 a

375 2912 449 2983 15⁰·
475 2892 546 2962 Cur
566 2913 639 2982 quae
658 2892 856 2982 aliquamdiu
876 2892 949 2963 arsit
974 2888 1134 2974 candela,
1168 2890 1288 2961 deinde
1316 2894 1484 2977 extiusia,
1517 2890 1643 2962 facilius
1663 2890 1774 2961 denuo
1799 2897 1848 2964 in·

322 2989 471 3059 cenditur
496 3010 592 3078 quam
615 2988 725 3060 nora?
759 2987 846 3084 Quia
871 3008 1069 3073 cotoneum,
1101 2988 1193 3076 quod
1221 2988 1350 3082 nigrum
1372 2988 1496 3073 evasit,
1520 2988 1598 3059 ilico
1620 2989 1731 3082 ignem
1757 2988 1848 3060 inse

321 3084 446 3170 sorbet,
472 3084 580 3154 album
604 3105 683 3156 vero
708 3086 820 3180 ignem
845 3084 984 3174 repellit.

375 3181 447 3253 16⁰.
472 3180 615 3260 Annon
639 3180 730 3252 calor
756 3184 789 3251 in
813 3179 1007 3272 corporibus
1029 3177 1076 3248 est
1100 3178 1249 3270 quedam
1271 3181 1355 3274 ignis
1384 3183 1465 3250 moti
1488 3183 1611 3269 copia,
1645 3182 1680 3250 in
1705 3183 1844 3270 partium

320 3276 503 3364 interstitia,
529 3272 564 3347 dt
586 3281 619 3347 in
642 3275 869 3366 particularum
891 3296 991 3366 poros
1014 3274 1163 3368 ingressi?
1189 3274 1266 3346 ideo
1288 3297 1356 3366 quo
1378 3275 1452 3365 plus
1479 3277 1563 3370 ignis
1589 3278 1672 3346 moti
1696 3280 1844 3370 corpori·

323 3377 382 3446 bus
408 3374 515 3458 inest,
549 3375 623 3465 plus
644 3373 773 3444 calent:
808 3368 843 3443 δι
875 3373 897 3443 fi
925 3372 1079 3442 notabilis
1110 3373 1207 3463 copia
1230 3374 1315 3467 ignis
1340 3373 1450 3465 agitati
1478 3393 1598 3463 corpus
1621 3371 1758 3466 ingressa
1779 3373 1845 3461 sit,
1906 3399 1910 3409 ·

320 3491 425 3563 partes
448 3473 597 3561 corporis
618 3473 659 3541 ab
688 3490 731 3539 eo
752 3468 879 3562 segnius
901 3485 956 3538 aut
976 3468 1113 3537 celerius
1138 3470 1296 3556 incipient
1317 3471 1469 3551 moveri,
1493 3466 1713 3557 conquassari,
1738 3470 1843 3540 vibra·

318 3571 361 3639 ri:
387 3566 559 3655 cupiditas,
584 3586 649 3653 qua
670 3583 777 3653 partes
794 3583 971 3651 corporum
996 3565 1178 3656 agitantur,
1202 3562 1394 3631 fimulcum
1419 3567 1514 3652 copia
1533 3565 1618 3657 ignis
1639 3566 1721 3633 moti
1746 3568 1843 3652 intere

321 3664 400 3733 dum
425 3661 464 3730 ad
491 3659 645 3750 majorem
670 3658 812 3729 calorem
837 3658 1012 3728 concurrit.

376 3766 446 3849 ¹7⁰·
472 3755 617 3851 Quando
641 3775 780 3845 corpora
800 3752 905 3825 calere
932 3755 1017 3822 tadu
1048 3754 1159 3825 nostro
1186 3753 1437 3846 comperimus?
1470 3752 1617 3851 Quando
1647 3758 1841 3850 corporibus

318 3855 393 3947 plus
417 3855 499 3946 ignis
522 3853 623 3936 moti,
648 3871 745 3942 quam
769 3852 873 3921 nervis
897 3847 1011 3919 nostris
1035 3852 1148 3944 organi
1169 3849 1290 3922 Tadius
1316 3851 1428 3936 inest,
1450 3847 1485 3922 ἂ
1509 3856 1542 3923 in
1567 3852 1629 3925 hos
1656 3876 1698 3925 ex
1720 3876 1840 3947 corpo·

316 3952 406 4022 ribus
431 3946 570 4020 involat:
594 3966 649 4017 aut
671 3945 802 4037 quando
823 3965 929 4036 partes
947 3965 1124 4036 corporum
1146 3948 1187 4016 ab
1203 3949 1279 4041 igne
1302 3950 1334 4018 in
1351 3948 1570 4021 oscillationes
1592 3954 1760 4037 excitatae,
1784 3973 1841 4023 ce·

316 4048 413 4118 lerius
436 4043 642 4128 oscillantur,
667 4064 764 4134 quam
790 4044 880 4113 nervi
904 4039 1036 4113 Tadus.
1086 4043 1121 4112 Si
1141 4045 1238 4136 igitur
1261 4043 1454 4132 corporibus
1476 4046 1607 4134 aequalis
1634 4051 1731 4139 copia
1756 4051 1840 4142 ignis

317 4163 356 4214 ac
378 4142 491 4212 molins
512 4141 641 4234 organis
663 4141 764 4211 radius
793 4137 900 4224 inest,
931 4134 1096 4228 &partes
1123 4157 1191 4207 tum
1220 4159 1424 4230 corporum,
1451 4157 1519 4208 tum
1549 4146 1681 4234 organi,
1706 4143 1840 4233 aequali·

319 4241 381 4310 bus
402 4238 595 4309 tremoribus
616 4239 799 4332 agitantur,
828 4254 867 4305 ea
896 4253 960 4304 nec
982 4232 1105 4318 calida,
1130 4254 1192 4304 nec
1213 4233 1327 4329 frigida
1352 4233 1519 4305 sentimus:
1546 4232 1634 4328 llinc
1656 4238 1745 4305 idem
1767 4258 1841 4308 cot·

319 4357 407 4428 pus,
440 4335 531 4425 quod
554 4333 673 4404 eodem
696 4331 799 4427 gradu
825 4331 943 4402 caloris
964 4328 1075 4416 calet,
1106 4351 1169 4420 pro
1201 4333 1287 4402 varia
1316 4333 1427 4425 organi
1456 4329 1586 4401 sensorii
1614 4329 1839 4404 teneritate&

321 4431 551 4504 constitutione
562 4429 756 4522 judicabitur
770 4447 902 4519 tepere,
927 4426 1064 4522 frigere,
1088 4426 1204 4496 calere.
1238 4425 1377 4516 Aliquot
1392 4428 1562 4514 homines,
1588 4431 1705 4520 quibus
1720 4450 1839 4521 corpo·

320 4550 355 4600 ra
378 4530 466 4601 vario
488 4527 598 4598 calore
621 4526 747 4611 calent,
772 4522 841 4595 suas
861 4545 975 4596 manus
996 4544 1089 4614 aquae
1105 4522 1211 4593 eidem
1233 4526 1432 4595 immittentes
1452 4525 1486 4595 id
1503 4529 1728 4617 comperiunt,
1753 4548 1836 4618 quo·

322 4646 395 4694 rum
417 4623 535 4711 judicia
558 4626 638 4693 mire
661 4621 793 4696 distant:
818 4623 909 4711 quod
924 4624 1053 4716 egregie
1074 4618 1300 4691 confirmatum
1318 4622 1359 4690 ab
1374 4619 1492 4694 Ulloa:
1517 4622 1649 4715 quando
1664 4626 1750 4694 enim
1767 4623 1835 4697 duo

323 4721 493 4799 viatores,
524 4740 663 4807 quorum
690 4718 768 4789 alter
795 4720 882 4788 venit
906 4739 946 4787 ex
975 4719 1141 4788 montibus
1164 4717 1299 4802 Andes,
1334 4717 1412 4788 alter
1434 4739 1475 4787 ex
1497 4722 1576 4791 urbe
1603 4718 1774 4813 Guajaquil
1801 4725 1835 4793 in

322 4813 434 4895 Peru,
469 4813 525 4881 fibi
549 4816 580 4879 in
605 4812 785 4909 'sarigagua
810 4833 1013 4897 occurrunt,
1043 4813 1097 4883 ille
1122 4816 1177 4904 qui
1207 4836 1247 4883 ex
1276 4816 1440 4886 montibus
1461 4820 1575 4904 venit,
1608 4818 1723 4890 caelum
1752 4818 1837 4887 adeo

321 4911 464 4983 calidum
488 4907 721 5001 deprehendit,
745 4930 781 4981 ut
804 4930 927 4984 tantum
952 4909 1038 4984 reste
1062 4908 1213 5081 levlgffima
1237 4913 1327 4988 indui
1351 4932 1461 5011 optet:
1487 4919 1543 5016 qui
1567 4918 1656 4994 veuit
1678 4936 1720 4986 ex
1745 4911 1835 5074 Girgi}

1149 5028 1228 5084 rrr
1736 5007 1790 5097 jaq
