4992 6767
554 645 642 768 pat
786 604 1877 738 ,namuuuorttanunta

562 830 673 934 ietiter.
691 819 876 896 densantur.
929 810 968 884 ln
993 805 1134 904 Polouia
1157 805 1229 878 sunt
1254 802 1382 878 nebule
1404 799 1614 896 frequentes,
1637 798 1694 874 sed
1711 804 1879 880 ordinario
1899 808 1976 901 post
1994 819 2096 908 requi,

564 927 712 1016 podium
735 910 920 990 autumnale
945 907 1050 982 solent
1072 901 1260 991 observari,
1292 920 1528 992 nonnunquam
1554 899 1651 972 etiam
1680 903 1788 974 media
1810 903 1958 1002 hyeme,
1984 914 2098 1004 quafi

565 1040 759 1122 appareant,
784 1013 980 1084 subitaneam
1006 1001 1244 1112 utplurimum
1271 1022 1312 1074 ex
1338 995 1463 1072 intenso
1489 995 1568 1166 giu
1593 997 1821 1090 inpluviosam
1849 991 2072 1102 tempestatem
2082 1064 2098 1112 ,

567 1105 880 1204 nautationet'r'r'post
906 1103 937 1178 se
962 1101 1100 1176 trahant.
1126 1099 1192 1196 (a)
1219 1099 1256 1171 ln
1275 1098 1391 1196 Belgio
1414 1097 1503 1168 nebu
1564 1093 1758 1190 plerumque
1777 1099 1955 1194 spectamus
1974 1105 2097 1198 flante,

566 1220 619 1296 vel
646 1211 856 1312 precedente
880 1201 993 1300 Vento
1018 1199 1153 1298 Africo,
1178 1195 1318 1278 Austro,
1346 1194 1397 1267 vel
1421 1193 1533 1282 Euro,
1560 1215 1633 1268 raro
1656 1218 1734 1270 cum
1751 1199 1822 1273 aliis
1840 1199 1979 1291 Ventis,
2000 1205 2035 1277 bi
2051 1229 2096 1298 eu

410 1315 423 1330 ¹
567 1309 678 1394 vicino
698 1313 836 1384 Oceano
853 1303 1011 1396 plurimos
1034 1299 1171 1388 vapores
1195 1293 1237 1366 ad
1252 1317 1314 1366 nos
1331 1291 1513 1388 advehunt,
1539 1297 1617 1392 qui,
1635 1293 1658 1366 st
1679 1295 1781 1394 mults
1796 1297 2003 1376 eleaticitate
2028 1326 2098 1378 non

566 1411 773 1489 ambiuntur,
798 1404 839 1474 ad
858 1393 1042 1494 exiguamd
1062 1393 1130 1464 solo
1155 1391 1358 1465 altitudinem
1382 1393 1487 1490 modo
1502 1411 1642 1486 repunt,
1666 1389 1703 1466 ἃ
1719 1397 1999 1495 circumsedunt,
2017 1423 2096 1493 quae

568 1513 640 1584 sunt
666 1514 698 1578 in
724 1525 820 1576 terrae
848 1496 937 1582 solo,
961 1514 1018 1566 aut
1034 1513 1156 1660 parurn
1180 1489 1286 1578 edita,
1312 1511 1381 1656 quo
1403 1483 1507 1588 modo
1528 1489 1774 1576 haeca-uebulu
1790 1513 1990 1586 opacantur,
2014 1483 2095 1591 qui

590 1603 722 1699 ropulla
749 1597 868 1671 nebula
891 1597 1007 1665 iterant
1059 1609 1116 1660 unt
1140 1587 1292 1688 illustrla3
1331 1607 1403 1658 orte
1428 1597 1498 1657 tu'm
1522 1585 1557 1655 hl
1577 1591 1666 1660 venti
1688 1592 1771 1660 a'e‘ris
1795 1590 2013 1668 elasticitatem
2038 1598 2098 1669 ali·

590 1725 722 1776 uantum
734 1699 906 1777 minuunt,
932 1712 967 1763 ut
989 1687 1163 1854 vaporibus
1178 1681 1319 1756 serendis
1339 1685 1447 1754 minus
1467 1704 1561 1774 aptus
1587 1683 1638 1752 stt:
1664 1705 1780 1758 contra
1805 1685 1961 1766 flandbus
1983 1691 2098 1767 Ventis

564 1727 917 1894 septentrionalibus,
942 1789 999 1879 qui
1040 1784 1089 1854 cci
1106 1783 1194 1868 sunt,
1223 1781 1258 1853 dt
1276 1781 1361 1854 aiitis
1378 1777 1596 1852 elastieitatem
1616 1801 1758 1878 augent,
1782 1805 1851 1858 non
1868 1791 2017 1862 oriuntur
2036 1811 2094 1862 ne·

565 1899 664 1971 bulae.
715 1889 861 1985 Quando
876 1903 1050 1982 regnante,
1067 1877 1101 1952 δι
1120 1879 1280 1972 perliante
1302 1879 1378 1976 gelu
1401 1877 1612 1969 atmosphaera
1636 1879 1674 1952 sat
1697 1879 1820 1970 levior,
1844 1885 1891 1955 uti
1908 1883 2095 1978 Mercurius

565 1999 601 2068 iri
617 1997 810 2066 barometro
825 1981 1022 2056 descendens
1039 1980 1177 2072 probat,
1201 1979 1305 2049 nubes
1323 1975 1447 2048 exalto
1464 1977 1552 2048 lente
1575 1975 1617 2048 ad
1640 1976 1741 2068 solum
1769 1977 1906 2067 labitur,
1932 1979 1969 2053 dt
1991 2006 2010 2054 a
2031 1983 2097 2056 leni

564 2091 717 2186 propulsa
742 2075 871 2169 vento,
906 2079 1017 2151 omnia
1044 2075 1200 2147 terrestria
1224 2075 1362 2148 involvit
1387 2071 1527 2158 nebula,
1552 2096 1625 2165 quae
1644 2095 1705 2166 pro
1731 2079 1954 2172 mpgnitpdine
1977 2082 2098 2170 nubis,

562 2209 626 2284 pro
642 2189 775 2258 lenitate
792 2181 879 2252 venti
897 2177 989 2266 plura
1005 2173 1229 2244 circumambit
1245 2193 1406 2263 corpora,
1433 2167 1469 2240 dt
1489 2172 1627 2259 diodus,
1647 2173 1810 2262 brevimve
1826 2173 1954 2264 perstat.

612 2283 652 2353 ln
667 2283 748 2352 Sinu
765 2275 916 2346 lludsoni
939 2270 1067 2340 nebulae
1091 2268 1284 2360 plerumque
1304 2267 1442 2338 infident
1463 2289 1496 2338 m
1542 2270 1589 2340 dis
1614 2267 1797 2366 fragmentis
1817 2269 1953 2363 glaciei,
1976 2271 2029 2344 vel
2055 2295 2098 2348 ea

563 2381 629 2462 late
652 2378 823 2456 ambiunt,
846 2391 920 2442 raro
942 2365 1172 2437 adscendentes
1189 2367 1230 2436 ad
1244 2365 1449 2436 altitudinem
1465 2385 1552 2436 mao
1574 2365 1663 2438 navis
1685 2383 1812 2461 parem:
1838 2363 1910 2436 baec
1932 2363 2098 2466 fragmen-

564 2497 597 2549 ta
615 2479 649 2548 in
664 2493 793 2546 oceano
810 2469 951 2539 natantia
969 2465 1011 2533 ad
1032 2462 1155 2558 infigne
1172 2462 1378 2535 intervallum
1401 2465 1510 2534 assem
1533 2463 1575 2534 ab
1601 2463 1692 2535 omni
1717 2479 1809 2554 parte
1830 2459 2039 2560 refrigerant:
2065 2469 2099 2542 in

563 2595 633 2672 quo
650 2591 786 2663 vapores
804 2585 845 2636 ert
861 2567 939 2634 mari
955 2560 1068 2638 sublati
1084 2559 1344 2653 condensantur,
1375 2559 1576 2653 nebulasque
1592 2557 1744 2632 somrant.

612 2693 645 2794 s.
672 2683 944 2764 MMCCCXX.
970 2681 1003 2752 Si
1018 2682 1134 2752 diebus
1150 2679 1276 2773 aliquot
1300 2684 1464 2754 continua
1478 2677 1598 2752 suerint
1612 2678 1762 2768 nebule,
1788 2700 1856 2752 non
1872 2685 1948 2754 rar'o
1971 2682 2095 2776 pluvia,

561 2793 617 2867 uel
632 2793 689 2864 nix
705 2786 892 2881 immediate
910 2779 982 2872 poll
1000 2779 1160 2870 sequitur,
1185 2779 1361 2871 vaporibus
1379 2778 1511 2850 undem
1533 2780 1567 2849 in
1591 2776 1696 2848 moles
1721 2775 1859 2870 majores
1879 2780 2096 2864 testantibus:

563 2907 714 2982 repentes
737 2885 828 2957 enim
853 2898 959 2972 prope
986 2871 1121 2962 solum,
1153 2877 1195 2947 ab
1218 2877 1438 2948 eminentibus
1461 2873 1655 2966 corporibus
1676 2869 1849 2948 offendunt
1869 2875 2095 2968 refistmtian,

562 2985 706 3082 perdunt
729 2981 991 3060 eledlticitatem,
1015 2975 1122 3044 minus
1139 2971 1171 3045 se
1184 2994 1301 3045 mutuo
1318 2972 1503 3066 repellunt,
1523 2972 1590 3066 jam
1613 2992 1720 3064 partes
1739 2972 1887 3064 partibus
1900 2973 2094 3068 ‘apprimen-

564 3105 638 3170 nu,
663 3085 697 3152 in
711 3081 789 3150 alias
806 3073 1015 3154 relabuntur,
1033 3072 1204 3142 uniuntur:
1229 3071 1468 3144 ficoelumnon
1484 3069 1619 3166 frigeat,
1644 3088 1812 3148 vertunum
1824 3072 1860 3154 in
1878 3091 2007 3152 tenuem
2022 3077 2094 3168 plu.

563 3186 668 3265 viam3
693 3174 781 3247 coelo
800 3171 943 3265 frigente
959 3166 1042 3238 liunt
1056 3169 1196 3257 pruina,
1211 3168 1264 3240 vel
1281 3172 1348 3240 aix.
1374 3167 1455 3239 ldeo
1475 3167 1594 3240 nebula
1601 3165 1704 3240 'densa
1718 3169 1754 3239 in
1769 3165 1904 3240 Terram
1919 3169 2026 3263 lapsa,
2041 3175 2092 3246 10.

562 3277 625 3349 liar
640 3275 756 3368 pluviae
775 3267 879 3340 solum
896 3267 1024 3360 irrigat,
1050 3267 1214 3356 praecipue
1236 3265 1259 3336 fi
1280 3287 1323 3337 ex
1344 3266 1519 3359 vaporibus
1536 3284 1660 3338 nutum
1675 3263 1864 3338 constiterit

613 3370 702 3465 Quia
717 3366 845 3439 nebule
859 3385 901 3437 etr
917 3363 995 3434 raris
1013 3363 1230 3454 tenuibusque
1252 3365 1426 3455 vaporibus
1449 3363 1616 3448 constant,
1641 3360 1817 3436 oculorum
1837 3364 1933 3435 adun
1954 3363 2083 3461 duginna

562 3489 687 3564 partes:
713 3465 787 3551 sed,
814 3463 964 3556 splures
977 3463 1147 3544 uniantur,
1169 3460 1361 3550 conspicuas
1378 3459 1520 3532 sormant
1538 3460 1700 3556 guttulas,
1726 3460 1866 3550 pluviam
1882 3461 2084 3536 emanantes:

561 3569 641 3640 ideo
660 3567 777 3638 mirum
797 3585 866 3631 non
893 3559 959 3641 est,
979 3561 1013 3626 in
1036 3560 1076 3626 iis
1102 3556 1221 3626 iridem
1240 3556 1467 3628 subalbicaatis
1485 3557 1606 3627 coloris
1619 3555 1759 3649 potuisse
1773 3560 1935 3650 conspici,
1960 3561 2088 3652 qualem

561 3663 740 3736 observavit
757 3655 935 3730 Dechales.
961 3655 983 3750 (
993 3653 1043 3746 b)

610 3788 642 3888 p.
667 3780 955 3860 blMCCCXXl.
980 3779 1123 3852 Nebula
1140 3779 1371 3869 observantur,
1397 3806 1466 3875 quo
1482 3804 1630 3877 tempore
1652 3781 1865 3875 atmosphaera
1890 3792 1998 3884 gravis
2022 3789 2086 3874 ep,

559 3887 595 3960 &
617 3885 803 3958 Mercurius
822 3886 855 3953 in
872 3877 1073 3968 Baroscopio
1088 3877 1193 3964 altus,
1219 3882 1352 3971 quando
1367 3880 1489 3953 coelum
1509 3884 1565 3953 diu
1588 3880 1700 3954 mansit
1719 3884 1952 3974 tranquillum,
1979 3883 2015 3957 dt
2040 3890 2086 3959 in.

558 4005 647 4058 terea
670 3982 763 4053 multi
781 4000 939 4071 vapores,
956 3973 990 4048 δι
1007 3975 1166 4046 anhelitus
1181 3976 1253 4050 sunt
1272 3979 1484 4065 accumulati,
1509 3983 1565 4071 qui
1585 3999 1653 4052 tum
1668 3979 1782 4072 cupid,
1808 3998 1878 4051 tum
1899 3984 2088 4056 inordinato

558 4085 698 4177 partium
723 4077 781 4150 fitu
801 4081 909 4150 esrem
934 4072 1074 4146 reddunt
1097 4094 1266 4164 opacum,
1293 4073 1329 4146 ἃ
1349 4077 1448 4170 solem
1464 4079 1679 4151 obumbrant:
1701 4076 1752 4148 vel
1770 4080 1847 4168 quia
1862 4081 2083 4166 exhalationes

616 4183 713 4252 vitate
730 4198 790 4270 per
807 4177 915 4247 adrem
938 4176 1067 4270 pigrum
1092 4171 1192 4243 fidere
1215 4175 1386 4268 incipiunt.
1437 4175 1578 4258 Nebulae
1603 4176 1685 4249 fiunt
1708 4173 1881 4248 Mercurio
1906 4177 2022 4248 bumili
2048 4183 2084 4252 in

559 4202 779 4369 ffioscopio,
804 4272 936 4365 quando
954 4291 1016 4342 nec
1034 4270 1091 4340 diu
1105 4290 1180 4341 ante
1194 4271 1315 4344 coelum
1334 4273 1394 4345 suit
1410 4273 1638 4366 tranquillum,
1663 4295 1726 4346 nec
1749 4271 1854 4366 polica
1874 4293 2003 4357 manet,
2030 4297 2085 4347 at.

560 4396 624 4462 que
640 4396 681 4446 ex
697 4373 728 4444 se
753 4390 908 4442 contenta
930 4368 1084 4451 dimittit,
1110 4370 1362 4461 quodpropter
1388 4375 1547 4443 raritatem
1571 4369 1606 4444 dt
1632 4372 1792 4444 levitatem
1812 4368 1913 4442 soluta
1936 4372 2083 4446 munere

558 4473 688 4559 nequit,
713 4487 849 4557 turnque
863 4467 966 4536 nubes
982 4467 1014 4536 in
1030 4465 1163 4536 nebulas
1180 4467 1337 4551 redeunt,
1362 4487 1399 4539 ut
1416 4470 1518 4540 modo
1535 4490 1609 4541 ante
1626 4470 1780 4543 diximus.

602 4593 636 4695 s.
661 4593 962 4670 MMCCCXXII.
989 4593 1231 4692 Quamcunque
1249 4596 1417 4691 hucusque
1437 4595 1636 4689 Leydae,&
1658 4597 1833 4694 Ulmjeeti
1849 4597 2083 4768 obsertpavline·
2156 4639 2159 4644 -

1970 4719 1990 4768 u
2004 4716 2077 4781 am,

618 4856 688 5018 pap
709 4854 878 4921 Erndtellus
897 4860 930 4919 in
954 4853 1102 4918 Warsavia
1121 4853 1272 4919 illustrata.
1382 4807 1388 4826 υ

644 4939 661 5001 i
705 4937 832 5006 Tradat.
854 4937 891 5002 de
911 4935 1059 5002 Meteotls
1082 4933 1108 5012 ς.
1122 4953 1152 5014 ⁴-
