4992 6767
574 709 680 799 1016
809 688 920 780 DE
975 677 1471 773 METEORIS
1530 675 1896 788 AQUEIS.

575 904 657 986 tala,
678 897 832 975 stamina,
864 881 1221 981 pillillidestruantur,
1245 876 1316 950 vasa
1336 873 1585 965 expandantur,
1620 895 1829 968 rumpantur,
1863 882 1909 950 ita
1930 879 2103 961 foecunda.

574 1007 622 1074 tio
646 994 758 1091 perlici
782 988 924 1079 nequit,
949 1001 1004 1053 aut
1022 978 1207 1053 soecundata
1228 992 1511 1062 corrumpuntur:
1546 971 1710 1046 calamitas
1752 976 1855 1068 major
1879 978 1952 1066 est,
1990 983 2013 1054 li
2044 987 2106 1058 lat·

577 1121 653 1196 gam
674 1094 864 1166 nostumam
886 1084 1033 1175 pruinam
1060 1079 1207 1167 sequatur
1229 1075 1298 1143 dies
1325 1071 1422 1162 plane
1447 1069 1574 1143 serenus
1597 1093 1606 1139 ι
1652 1093 1727 1144 nam
1749 1075 1853 1146 subita
1875 1077 1990 1173 glaciei
2015 1082 2109 1155 reso.

577 1199 660 1269 latio
683 1207 823 1262 mortem
849 1181 991 1273 partibus
1015 1175 1181 1255 inducit,
1222 1192 1290 1241 non
1325 1166 1442 1255 secus,
1475 1189 1573 1260 quant
1604 1189 1681 1240 cunt
1714 1171 1886 1245 hominum
1915 1195 2002 1249 artus
2033 1183 2106 1276 gla-

578 1297 737 1370 ciantur,
779 1284 834 1374 qui
858 1295 945 1347 certa
969 1274 1186 1361 corripiuntur
1209 1286 1414 1363 gangraena,
1453 1264 1652 1339 fihomines
1684 1268 1787 1340 statim
1817 1270 1929 1344 locutn
1959 1276 2104 1351 calidum

579 1386 836 1485 ingrediuntur;
863 1371 985 1443 malurn
1012 1385 1239 1458 praecavetur,
1265 1385 1341 1433 cum
1360 1364 1436 1434 nive
1454 1360 1609 1436 fricantur
1632 1386 1768 1458 partes,
1792 1388 1830 1438 ut
1852 1370 1940 1442 lenta
1961 1372 2018 1444 fiat
2034 1376 2104 1472 gia.

581 1489 644 1559 clei
664 1475 883 1568 liquesallio:
924 1463 1016 1536 fimili
1051 1463 1153 1533 modo
1182 1481 1406 1552 comparatum
1436 1460 1482 1531 est
1510 1482 1587 1532 cum
1616 1460 1753 1550 sitatibus¹
1774 1469 1891 1556 pruina
1918 1475 2106 1563 correptis:

583 1583 605 1651 fi
632 1579 718 1648 euim
749 1559 822 1662 post
847 1567 977 1637 noctem
1010 1563 1134 1654 pminae
1160 1558 1309 1651 sequatur
1332 1557 1469 1641 nebula,
1495 1554 1531 1630 dt
1557 1559 1627 1630 dies
1647 1561 1826 1647 humidus,
1858 1585 1924 1655 quo
1948 1567 2037 1640 lenta
2067 1570 2107 1643 fit

579 1677 706 1769 pruinae
731 1663 949 1758 liquefactio,
983 1658 1123 1730 floribus
1145 1660 1252 1729 minus
1282 1657 1392 1726 damni
1416 1656 1602 1750 contingit:
1641 1656 1737 1750 hujus
1760 1679 1897 1733 eventus
1915 1670 2008 1760 gerari
2027 1667 2106 1739 hof.

582 1769 685 1843 tulani
716 1763 813 1836 llores
845 1760 929 1852 aqua
959 1756 1202 1851 conspergunt,
1233 1776 1270 1826 ut
1295 1756 1409 1845 pruina
1431 1750 1518 1824 lente
1542 1751 1744 1841 resolvatur,
1776 1778 1952 1849 antequam
1975 1763 2034 1834 Sol
2057 1763 2107 1836 su·

580 1870 745 1940 bitaneam
778 1863 990 1931 mutationem
1017 1852 1163 1925 inferat:
1203 1853 1280 1923 ideo
1309 1852 1407 1921 etiam
1439 1849 1579 1920 interdiu
1610 1853 1766 1926 arundine
1795 1857 1927 1929 arbores
1957 1843 2106 1934 detersus

583 1964 696 2038 Solem
717 1980 837 2055 magno
862 1976 939 2028 cuna
970 1949 1112 2024 successu
1139 1969 1280 2046 tegunt:
1323 1950 1358 2018 in
1391 1946 1507 2018 Suecia
1540 1945 1720 2038 appellatur
1751 1950 1909 2049 Rugga,
1940 1955 2106 2030 frumento

584 2060 679 2134 valde
700 2061 824 2141 noxia,
858 2052 971 2124 colore
994 2047 1129 2120 obscure
1152 2048 1280 2118 rubenti
1304 2045 1417 2116 insidet
1441 2042 1554 2134 spicis,
1579 2045 1613 2116 in
1642 2047 1756 2120 udaia
1793 2051 2002 2124 minemlium
2026 2077 2107 2146 prae·

584 2162 684 2250 cipue
704 2152 889 2224 observamr
914 2145 1006 2237 (a).
1058 2143 1094 2212 In
1112 2143 1252 2237 Belgio,
1276 2146 1356 2211 mari
1371 2143 1500 2224 vicino,
1524 2139 1607 2233 sepe
1630 2141 1853 2237 observamus,
1878 2151 2041 2222 arborum
2059 2149 2107 2222 so·

585 2255 629 2325 lia
651 2249 798 2321 celeriter
821 2243 1014 2330 corrumpi,
1039 2236 1248 2322 marcescere,
1273 2236 1442 2321 arescere,
1460 2238 1563 2308 imbui
1583 2237 1695 2310 colore
1715 2241 1806 2314 salvo
1828 2265 1842 2328 ς
1880 2243 1997 2340 vulgus
2032 2252 2108 2339 opi.

592 2367 711 2430 namt,
729 2343 807 2413 solia
829 2339 1002 2422 comburi,
1027 2334 1232 2426 appellatque
1246 2334 1372 2406 causann
1387 2336 1734 2424 Flammasrnarinas,
1758 2338 1860 2434 Angl.
1884 2341 1979 2438 Bligt
2004 2345 2054 2437 (b
2068 2348 2108 2439 );

586 2444 643 2516 sed
674 2440 817 2513 flammae
842 2438 975 2508 marinae
1006 2455 1074 2504 non
1099 2433 1237 2503 exiliunt
1263 2481 1275 2518 ,
1315 2453 1452 2504 eventus
1474 2432 1621 2524 pendent
1641 2456 1661 2504 a
1683 2436 1799 2526 pruine
1821 2440 2012 2525 nocturna,
2037 2465 2108 2533 qua

587 2539 666 2614 solia
690 2537 902 2626 corrumpit,
928 2534 972 2602 uti
994 2529 1085 2620 supra
1109 2530 1277 2620 explicui:
1302 2549 1454 2620 corrupta
1475 2527 1553 2600 solia
1575 2533 1736 2604 teneriora
1760 2533 1950 2622 evaserunt,
1975 2537 2106 2611 cedunt·

589 2658 654 2731 que
678 2654 748 2706 tum
772 2633 891 2705 cibatui
914 2627 1067 2713 inseetis,
1101 2648 1174 2718 quae
1200 2648 1319 2723 inagna
1343 2628 1439 2718 copia
1462 2625 1641 2717 advolant,
1671 2629 1779 2723 iisque
1802 2629 1985 2706 vescuntur.

1210 2829 1275 2916 De
1305 2808 1515 2919 Grandine.

641 3057 674 3158 d.
698 3048 984 3132 MMCCCXCI.
1009 3049 1045 3121 Si
1070 3052 1174 3122 nubes
1203 3071 1345 3125 vertatur
1367 3058 1399 3126 in
1424 3051 1597 3145 pluviam,
1620 3054 1712 3148 cuius
1733 3055 1825 3132 stillae
1847 3081 1908 3152 per
1930 3063 2040 3135 ae'rem
2062 3083 2112 3134 te·

592 3160 701 3258 glonis
724 3151 865 3233 nivalis,
889 3148 940 3218 vel
961 3143 1120 3218 inferioris
1141 3147 1183 3217 ad
1206 3148 1283 3244 gelu
1307 3149 1522 3241 dispostum,
1553 3151 1721 3242 decidua,
1750 3157 1962 3232 concrescunt
1981 3165 2016 3234 in
2040 3182 2115 3232 cor·

593 3275 676 3346 pora
699 3251 816 3330 firma,
842 3242 1003 3340 globosa,
1030 3243 1261 3338 congiacum,
1287 3268 1443 3320 vocantur
1465 3249 1607 3324 Grandi.

645 3367 679 3466 d.
702 3362 1004 3438 MMCCCXCII.
1020 3364 1059 3436 In
1075 3389 1214 3458 quanam
1237 3367 1405 3442 altitudine
1420 3371 1655 3464 Armaspnaere
1667 3392 1764 3469 grana
1778 3374 1940 3470 grandinis
1957 3376 2114 3447 formen-

596 3488 675 3548 tur,
700 3462 828 3534 definiri
852 3465 990 3553 nequire
1025 3464 1151 3535 necelle
1172 3468 1262 3537 enim
1286 3466 1365 3561 est,
1396 3489 1434 3542 ut
1457 3467 1578 3566 grando
1601 3471 1692 3558 prius
1721 3467 1818 3542 suerit
1839 3471 1963 3560 liquida
1977 3473 2117 3563 pluvia,

597 3586 671 3655 quae
692 3559 812 3632 deinde
833 3560 866 3630 in
890 3557 1027 3654 glaciem
1058 3565 1225 3632 concrevit
1251 3584 1260 3631 t
1299 3565 1518 3660 conglaciatlo
1548 3563 1617 3636 fieri
1640 3566 1748 3658 potuit
1768 3569 1805 3635 ln
1826 3569 1919 3635 omni
1947 3590 2043 3658 parte
2057 3571 2117 3638 At·

595 3657 814 3752 mosphaerae,
838 3657 880 3727 ab
906 3656 1074 3727 altimdine
1096 3656 1218 3728 summa
1239 3663 1382 3757 regionis
1404 3661 1550 3748 nivalis,
1573 3661 1616 3734 ad
1647 3673 1745 3755 quarn
1766 3683 1910 3753 unquam
1937 3665 2044 3734 nubes
2067 3685 2117 3734 va·

595 3757 724 3852 porosae
753 3752 980 3834 adscendunt,
1011 3754 1044 3824 in
1075 3751 1217 3842 pluviam
1243 3775 1438 3845 vertuntur,
1482 3757 1518 3832 dt
1548 3759 1627 3832 inde
1645 3779 1749 3851 usque
1772 3759 1814 3829 ad
1840 3758 1957 3832 Terrae
1986 3760 2113 3846 solam;

597 3854 702 3924 modo
724 3868 824 3943 guttae
848 3848 964 3938 pluviae
987 3850 1021 3917 in
1045 3849 1155 3938 aliquo
1179 3857 1280 3924 trallu
1305 3853 1399 3948 hujus
1419 3857 1519 3950 ampli
1549 3856 1705 3930 intervalli
1730 3856 1910 3929 deciderint
1931 3880 1992 3950 per
2011 3862 2115 3930 aerem

598 3946 785 4042 frigidum,
814 3940 1015 4039 &partibus
1040 3946 1319 4043 conglaciantibus
1343 3953 1540 4030 consertum.

654 4041 786 4132 Hyeme
806 4043 840 4112 in
866 4039 984 4133 Belgio
1013 4043 1100 4130 aet,
1131 4068 1199 4119 non
1222 4046 1325 4145 longo
1347 4072 1365 4121 a
1392 4051 1494 4123 Terta
1515 4053 1633 4124 distans
1665 4051 1803 4144 spatio,
1834 4050 1905 4125 satir
1932 4054 2059 4149 friget,
2086 4048 2118 4123 u

601 4137 801 4232 compositus
822 4137 931 4209 estad
953 4160 1070 4230 aquam
1098 4142 1175 4240 gelu
1198 4148 1232 4217 in
1259 4148 1395 4243 glaciem
1419 4148 1661 4246 stringendum:
1694 4149 1772 4219 ideo
1801 4171 1871 4222 tutu
1899 4153 2005 4222 nubes
2027 4172 2121 4246 gran·

600 4242 735 4326 dinem,
762 4238 937 4330 nivemque
968 4236 1158 4326 effundens,
1184 4264 1261 4315 curn
1284 4244 1464 4318 intentione
1486 4247 1628 4339 inspecta
1648 4246 1834 4319 observatur
1859 4268 1925 4318 non
1951 4249 2039 4316 adeo
2064 4269 2122 4317 ex·

599 4337 697 4421 celsa,
713 4354 813 4427 prout
825 4338 922 4430 igitur
941 4333 1058 4425 hyeme
1072 4339 1210 4412 nubium
1230 4342 1415 4417 altitudines
1430 4343 1596 4431 diffemnt,
1608 4343 1840 4418 differentiam
1854 4342 1969 4416 naalia
1990 4344 2122 4441 grandi·

602 4457 667 4507 nis.

646 4530 757 4615 Vere,
781 4527 817 4600 dc
843 4548 1000 4602 aummno
1016 4536 1072 4606 adt
1087 4555 1193 4627 prope
1216 4534 1328 4608 Terrae
1350 4538 1453 4612 solutn
1475 4545 1583 4615 minus
1603 4540 1718 4638 stiget,
1743 4563 1841 4632 quam
1867 4559 1904 4610 nt
1921 4537 2033 4629 plavia
2056 4538 2120 4634 gla-

601 4628 728 4698 cietur:
754 4627 862 4696 situm
882 4629 1145 4722 grandinaverit,
1178 4635 1303 4730 grando
1329 4639 1362 4709 in
1384 4638 1446 4709 alta
1475 4643 1612 4736 regione
1634 4638 1727 4711 nivali
1743 4637 1967 4730 atmosphaerae
1990 4637 2118 4708 formata

602 4725 688 4808 erit,
712 4721 895 4814 labiturque
918 4726 959 4796 ad
983 4726 1118 4801 Terram
1140 4733 1354 4826 perierem,
1389 4757 1456 4809 non
1479 4743 1550 4810 satis
1570 4737 1836 4826 calentem,.aut
1857 4734 2066 4830 dispostmm,
2084 4752 2118 4898 lut

1587 4877 1590 4882 .
2093 4850 2118 4897 a

672 4916 732 4992 (a)
752 4918 951 4981 Ehtrumalms
973 4924 1058 4985 Reise
1078 4926 1169 4988 durch
1190 4928 1352 4992 Notdland.
1382 4952 1446 5009 pag.
1471 4948 1539 5006 aaa.
2063 4852 2085 4928 g

675 4998 736 5077 (l)
757 4998 826 5076 Joh.
847 5001 922 5064 Hill.
941 5003 1091 5081 Enpetlm.
1112 5008 1221 5073 Philas.
1242 5011 1349 5074 Natut.
1374 5013 1498 5079 Observ.
1522 5019 1553 5079 8.
