4992 6767
549 616 642 730 968

556 893 2098 1022 mmmmmwmwmmmmwu

569 1255 577 1350 3
685 1211 892 1306 carun
938 1197 1530 1349 ,onnonnnnsnrnnt
1576 1123 1967 1295 secuuntur.

1096 1423 1171 1552 ‚Da
1184 1424 1378 1558 ulsctaoris
1407 1423 1563 1536 Aqueis.

558 1747 597 1850 ς.
620 1737 909 1818 MMCCCXVI.
1040 1735 1277 1825 uotiescunqne
1292 1735 1325 1804 in
1340 1728 1564 1823 Annosphaera
1580 1747 1687 1820 prope
1704 1725 1816 1800 Terrae
1832 1727 1936 1800 solum
1947 1747 2096 1817 vapores,

935 1747 1038 1966 Q
1056 1832 1107 1903 vel
1124 1829 1344 1903 exhalationes
1363 1829 1401 1899 el
1418 1827 1490 1898 sunt
1505 1825 1600 1913 copil
1619 1875 1631 1906 ,
1654 1822 1706 1894 vel
1723 1826 1881 1895 eomodo
1900 1825 2099 1898 constituun-

574 1965 578 1970 ·
1048 1950 1119 2012 tur,
1140 1951 1176 1996 ut
1200 1928 1374 2014 plurimum
1400 1922 1480 1995 lucis
1497 1921 1675 1993 adimentes
1691 1922 1811 2014 Adrum
1835 1921 1932 1993 solito
1965 1923 2099 2011 opacio

563 2057 636 2126 reto
657 2037 820 2115 efficiant,
843 2029 1011 2103 Nebulam
1035 2020 1142 2094 adesse
1166 2020 1315 2091 dicimus.
1729 2011 1753 2060 -·'
2125 2070 2128 2075 ,

614 2159 647 2258 5.
674 2148 977 2228 MMCCCXVH.
1003 2145 1199 2216 Formantur
1215 2143 1343 2218 nebula
1359 2145 1400 2220 ab
1417 2141 1690 2234 exhalationibus,
1706 2140 1947 2236 sirmondus,
1971 2149 2032 2234 qui
2056 2165 2101 2228 ert

563 2251 648 2332 serra
670 2254 758 2325 lente
771 2244 993 2329 adscendunt,
1018 2261 1074 2318 aut
1090 2261 1130 2312 ex
1149 2239 1216 2310 alto
1232 2241 1267 2311 in
1292 2238 1554 2316 eam'lennffime
1578 2239 1782 2323 relabuntur,
1803 2239 1888 2307 adeo
1913 2260 1952 2309 ut
1975 2243 2008 2308 in
2033 2263 2097 2312 eo·

565 2355 641 2426 dem
652 2350 734 2426 loco
752 2340 921 2435 suspendi,
945 2342 999 2412 vix
1016 2337 1226 2430 promoveri,
1252 2338 1441 2422 videantur,
1457 2341 1522 2412 acri
1547 2336 1614 2408 visu
1630 2334 1778 2426 inspesiae
1795 2333 1983 2426 particulae,
2003 2339 2104 2407 inter·

565 2449 652 2528 uallo
664 2442 848 2520 admodum
866 2436 1016 2530 aequabili
1036 2435 1166 2506 distant:
1193 2435 1269 2506 ideo
1286 2457 1431 2525 exceptae
1446 2437 1464 2505 6
1482 2438 1584 2512 vitreo
1608 2432 1761 2526 speculo,
1787 2429 1966 2522 superficiei
1993 2455 2101 2524 aqna·

564 2546 675 2633 biliter
696 2538 861 2623 insrdent,
885 2554 921 2606 nt
947 2534 1088 2609 lentibus
1123 2530 1216 2604 valde
1248 2530 1519 2624 amplificantibus
1541 2532 1649 2628 detegi
1682 2529 1799 2623 potest.
1846 2527 1938 2598 'Cum
1961 2550 2098 2621 compo·

565 2662 689 2718 nuntur
703 2659 744 2710 ex
759 2633 951 2726 vaporibus,
967 2629 1127 2714 humidae,
1143 2625 1177 2700 dt
1194 2629 1266 2706 udae
1281 2627 1351 2701 sunt
1364 2630 1513 2714 nebulae,
1527 2630 1660 2702 hanon
1674 2647 1802 2700 nocent
1818 2624 2006 2697 animalium
2024 2627 2096 2699 sani·

568 2731 644 2825 nati,
671 2757 733 2808 nec
746 2731 879 2803 foetent:
905 2729 983 2814 sed,
1009 2749 1082 2817 quae
1099 2747 1140 2796 ex
1154 2724 1411 2798 exhalationibus
1431 2726 1598 2811 constant,
1624 2723 1859 2817 saepesoetent:
1885 2721 2096 2815 a'liqupasani-

568 2838 627 2909 tati
652 2833 723 2903 sunt
746 2829 875 2911 noxiae,
900 2825 1114 2917 plurimorum
1139 2823 1329 2894 morborum
1352 2823 1481 2910 causae',
1506 2826 1575 2895 imo
1604 2819 1676 2894 sunt
1706 2821 1775 2894 aliae
1793 2817 1978 2892 lethifere:
2009 2844 2092 2894 anno

574 2951 681 3027 1733.
707 2926 835 2999 nebulae
856 2921 1071 2994 adventabant
1093 2942 1134 2990 ex
1152 2920 1310 3007 Polonia,
1334 2920 1474 3012 aliquam
1491 2941 1616 3016 partem
1644 2917 1830 2990 Ge'nnaniae
1853 2921 2097 3012 perreptebant,

562 3029 768 3125 vagabantur
795 3043 854 3111 per
876 3018 1055 3113 Belgium,
1079 3019 1272 3109 {excitabant
1295 3020 1619 3109 peripneumoniam,
1645 3013 1681 3088 &
1708 3015 1803 3104 tusses
1830 3038 1899 3089 non
1925 3014 2096 3102 sedandas,

571 3127 694 3197 multos
718 3115 954 3189 interficiebant
977 3113 1155 3199 homines,
1187 3116 1294 3186 donec
1319 3117 1438 3186 morbo
1465 3118 1602 3211 cognito
1625 3113 1722 3209 largis
1743 3117 1951 3204 repetitisque
1978 3113 2093 3185 Venae·

568 3218 790 3383 settiosmlbus,
817 3208 1069 3283 &diluentibus
1090 3213 1241 3284 remediis
1262 3213 1457 3286 curabantur
1472 3213 1728 3299 decumbentes,
1753 3210 1851 3284 ueluti
1864 3213 2090 3303 peripneumo-

568 3319 638 3392 niti
674 3328 765 3383 oent
788 3310 915 3382 curari..

622 3430 654 3531 §.
681 3431 1000 3505 MMCCCXVIII.
1026 3433 1173 3508 Nebulas
1200 3435 1284 3527 saepe
1307 3459 1348 3510 ex
1368 3438 1592 3515 aliamnterin,
1616 3457 1714 3526 quam
1731 3457 1771 3508 ex
1791 3437 1901 3528 aqueis
1923 3434 2096 3525 vaporinns

443 3597 448 3608 .
572 3529 737 3625 tompdni
749 3581 762 3615 ,
776 3532 879 3620 liquet
895 3551 965 3600 non
984 3549 1108 3601 tantum
1125 3551 1165 3600 ex
1175 3529 1286 3601 odoris
1300 3533 1493 3605 intolerabili
1509 3531 1674 3618 soeditate,
1701 3531 1754 3602 sed
1769 3535 1843 3626 qnia
1859 3531 1933 3624 post
1947 3553 2002 3602 ens
2017 3554 2100 3603 non·-

498 3628 504 3639 ’
576 3649 745 3800 lini?
762 3625 1054 3812 ‘nobiliis
1074 3626 1586 3814 {insilitillsrnlnl’
1602 3628 2100 3821 :timidissimas

631 3773 777 3916 Quando
792 3817 826 3889 iri
842 3816 949 3888 Gallia
967 3821 1042 3889 anni
1061 3819 1132 3922 sunt
1145 3819 1290 3905 humidi,
1310 3822 1360 3892 vel
1370 3873 1382 3906 ,
1392 3826 1523 3916 quando
1539 3748 1784 3919 mgnsepJunio,
1795 3818 1830 3896 dt
1840 3825 1934 3918 Julio
1949 3779 2100 3896 venfibu:

580 3921 680 4002 midi,
703 3934 918 4007 tepentesque
939 3913 1083 4006 spirant,
1109 3918 1237 4016 pinguis
1261 3918 1444 3992 observatur
1466 3922 1607 4006 nebula,
1633 3943 1705 4014 qnae
1722 3943 1741 3991 a
1756 3921 1886 3993 colonis
1910 3926 2028 3996 Nielle
2050 3943 2102 3993 ros

581 4015 719 4087 melleus
735 4013 934 4124 appellatur,
959 4033 1056 4104 aqua
1079 4013 1180 4084 secale
1196 4017 1352 4104 inprimis
1377 4021 1615 4111 corrumpitur,
1641 4021 1741 4117 Seigle
1755 4024 1863 4118 ergots
1883 4020 2025 4104 ditium,
2048 4019 2101 4089 uel

582 4116 650 4190 Bu
662 4135 779 4194 curu,
802 4111 897 4214 hujus
920 4130 1016 4204 grana
1042 4109 1113 4182 sunt
1135 4110 1255 4203 majora
1274 4113 1526 4207 sesquipollice‚
1551 4118 1702 4210 adeoquo
1717 4116 1812 4188 facile
1834 4117 2061 4211 distinguenda
2085 4137 2103 4185 a

584 4212 716 4300 reliquis
731 4211 942 4297 incorruptis:
969 4204 1039 4277 sunt
1052 4207 1124 4280 haec
1138 4208 1253 4279 affena
1267 4211 1351 4284 eden
1366 4216 1557 4298 aerumnosa,
1584 4234 1620 4285 ut
1634 4216 1725 4306 panis
1740 4215 1831 4286 erlis
1846 4214 1958 4283 conns
1976 4214 2104 4284 excitet
2166 4292 2169 4296 ,

583 4308 702 4376 multas
726 4304 954 4399 egritudines,
980 4302 1085 4375 sebres
1109 4304 1273 4395 putridas,
1298 4308 1331 4380 dt
1391 4333 1556 4407 ngraenas,
1584 4312 1836 4404 sphacelosque,
1861 4330 1939 4398 quas
1965 4313 2105 4403 egregie

582 4397 957 4491 descripsrrCl.Dodart
984 4401 1072 4494 (b),
1099 4403 1230 4474 Salerne
1257 4401 1330 4498 (c),
1394 4410 1538 4482 eslandes
1564 4410 1585 4506 (
1594 4411 1657 4505 d),
1682 4409 1840 4484 Monnier
1864 4405 1949 4504 (e).
1975 4405 2103 4478 Corru-

627 4589 686 4664 (a)
705 4590 896 4667 Nieuwentyt
913 4592 1065 4654 Coamoth.
1086 4597 1158 4674 Cap.
1182 4612 1251 4658 xrx.
1274 4617 1340 4676 pag.
1362 4609 1430 4677 ³⁶4·
2013 4523 2103 4598 ΡΜ

578 4681 583 4690 ·
623 4669 683 4742 (b)
704 4668 822 4744 Journal
845 4670 895 4730 des
915 4672 1043 4732 Scavans
1063 4676 1114 4736 Ao.
1139 4683 1223 4750 1676.
1245 4697 1311 4755 pag.
1338 4689 1385 4752 76.

624 4747 681 4822 (e)
702 4748 862 4806 Memoites
885 4750 1047 4824 presentees
1067 4756 1153 4813 Tom.
1177 4772 1205 4816 2.
1222 4775 1288 4833 pag.
1317 4774 1384 4835 155.

626 4826 686 4904 (6)
706 4824 807 4886 Traite
829 4827 864 4886 de
886 4828 1026 4904 Phyfique
1047 4850 1108 4906 pag.
1131 4851 1179 4905 99.

571 4963 605 5024 r'
626 4906 683 4990 (a)
700 4905 744 4970 La
760 4905 950 4971 Meridieune
972 4907 1008 4969 de
1029 4911 1118 4973 Paris.
1138 4929 1207 4991 pag.
1230 4930 1297 4988 ιιι.
