4992 6767
540 652 627 752 ιρι
935 617 1667 720 ΒΕΑΕΚΕ

532 838 712 915 vomituris,
737 827 856 901 etiamsi
882 827 916 897 hi
930 824 1063 896 effecius
1079 823 1097 891 i
1114 819 1290 892 lassitudine
1305 814 1500 910 potissimum
1515 815 1703 900 orirentur,
1728 836 1802 888 nam
1822 823 1880 910 qvi
1898 841 1988 914 equo
2004 845 2058 899 ve·

532 939 708 1012 ltebantur,
724 946 873 1019 expertes
889 947 978 994 erant
995 940 1241 993 memoratarum
1260 915 1466 986 affectionum
1485 910 1537 1004 (a
1548 914 1580 1004 ).
1633 913 1699 983 Sed
1717 936 1758 985 an
1773 920 1804 985 in
1822 923 1933 992 rariori
1951 924 2061 996 adhuc

532 1038 610 1111 οξτο
632 1033 738 1100 vivere
760 1023 892 1115 possunt
909 1019 1081 1092 norninest
1108 1018 1277 1106 hucusque
1293 1011 1338 1081 est
1354 1011 1575 1107 incognitum:
1600 1013 1678 1102 quia
1699 1014 1741 1083 ad
1757 1018 1856 1112 vitatu
1871 1018 1961 1110 plura
1975 1044 2063 1094 con·

533 1149 662 1205 currere
682 1124 844 1194 videntur.

582 1253 614 1350 ς.
641 1245 875 1320 MhllCLXX.
901 1245 938 1314 In
962 1241 1158 1313 condensato
1181 1239 1259 1309 abre
1284 1235 1431 1307 animalia
1453 1235 1531 1320 diu,
1557 1238 1674 1324 bene,
1701 1236 1738 1310 dt
1765 1239 1907 1312 hilariter
1930 1246 2061 1318 vivunt:

535 1352 723 1444 precipue,
748 1344 768 1412 li
785 1346 944 1411 continuo
961 1340 1019 1408 aiii
1036 1357 1229 1420 renovetur,
1256 1332 1290 1403 dt
1312 1334 1434 1424 aliquid
1465 1335 1588 1421 antiqui
1612 1358 1654 1406 ex
1672 1340 1850 1427 recipiente
1865 1341 2061 1430 expellatur:

537 1449 614 1518 hinc
638 1443 829 1512 Utinatores
855 1435 926 1502 satis
951 1436 1035 1502 berte
1059 1437 1170 1501 vivunt
1197 1433 1229 1501 in
1254 1432 1359 1520 ampla
1383 1450 1572 1520 campana,
1604 1455 1677 1520 quae
1703 1435 1761 1504 iub
1782 1457 1866 1525 aqua
1889 1429 2063 1533 mergitur:

537 1544 614 1611 huic
636 1539 676 1605 ad
702 1533 901 1602 altitudinem
931 1550 1011 1619 300.
1038 1529 1158 1619 pedum
1180 1531 1213 1598 in
1236 1532 1314 1598 mari
1338 1525 1465 1596 dimisso
1486 1527 1541 1596 air
1567 1532 1682 1599 novies
1706 1533 1740 1600 in
1764 1530 1877 1623 majori
1893 1533 2062 1606 altitudine

537 1639 634 1705 maris
651 1630 756 1697 adbuc
773 1627 918 1706 densior,
935 1647 1032 1716 quant
1048 1625 1094 1696 est
1111 1624 1152 1695 ad
1168 1624 1280 1695 Terrae
1300 1623 1426 1706 solum,
1455 1621 1557 1708 ineu,
1584 1645 1754 1717 tantopere
1769 1649 1787 1698 a
1803 1633 1949 1718 pondere
1968 1651 2063 1722 aquae

538 1725 759 1815 compressum
785 1723 864 1793 nihil
881 1724 1102 1808 incommodi,
1128 1724 1184 1792 nis
1203 1727 1234 1792 in
1255 1744 1353 1803 aure,
1377 1721 1516 1791 sentiunt
1537 1724 1571 1790 in
1598 1721 1663 1792 hoc
1683 1727 1758 1794 aste
1778 1725 1948 1810 homines,
1972 1748 2063 1800 novo

537 1827 693 1897 duntaxat
707 1822 783 1894 abre
798 1825 830 1888 in
845 1820 942 1891 doliis
963 1821 1004 1890 ad
1017 1837 1075 1891 eos
1091 1817 1183 1891 misso
1200 1820 1401 1900 reficiantur,
1428 1814 1463 1886 δι
1478 1817 1601 1904 aliquid
1615 1824 1736 1910 antiqui
1751 1825 1833 1891 airis
1851 1844 1892 1893 ex
1908 1843 2065 1915 campana

540 1945 607 2016 ope
629 1923 790 2013 epdlomii
812 1918 1009 2008 expellatur,
1035 1919 1133 1987 veluti
1153 1918 1350 2008 quotidianis
1367 1917 1643 1986 observationibus
1661 1917 1869 1989 confirmatur
1894 1922 1985 2014 (b).
2014 1921 2065 1989 O-

538 2040 652 2115 portet
667 2039 794 2098 tamen,
817 2036 852 2084 ut
869 2018 1066 2094 urinatores,
1092 2018 1124 2083 in
1141 2036 1297 2103 campana
1314 2013 1481 2092 sedentes,
1508 2031 1572 2081 non
1588 2017 1681 2083 minis
1696 2014 1845 2084 celeriter
1860 2019 1901 2083 ad
1923 2016 2065 2088 fundum

540 2122 638 2189 maris
664 2119 883 2192 dimittantur,
910 2131 977 2179 turn
1004 2113 1089 2178 enim
1117 2109 1241 2202 sanguis
1256 2111 1446 2197 exprimitur
1461 2128 1502 2175 ex
1522 2108 1641 2191 oculis,
1667 2106 1865 2179 &naribusr
1890 2115 2065 2200 respiratio

537 2213 577 2288 fit
592 2212 729 2280 difficilis
747 2208 957 2296 pulmonibus
971 2207 1067 2274 nimis
1082 2203 1287 2293 compreffis:
1313 2203 1366 2272 sed
1388 2202 1522 2272 successu
1542 2208 1694 2292 temporis
1716 2207 1773 2277 aer
1794 2206 1971 2300 ingreditur
1989 2209 2044 2280 san

539 2311 672 2404 guinem
682 2301 739 2384 ,dt
754 2301 925 2371 rellituitur
941 2300 1153 2391 aequilibrium
1170 2303 1253 2371 inter
1267 2299 1471 2370 internum&
1481 2319 1657 2368 externum.
1682 2299 1892 2387 caeteroquin
1908 2305 2062 2375 animalia

537 2407 679 2500 plurima
694 2404 728 2470 in
744 2401 862 2468 eodem
879 2399 980 2478 ae're,
1005 2396 1041 2467 dt
1071 2422 1138 2468 nott
1164 2417 1320 2468 renovato
1344 2397 1447 2466 clausa
1464 2399 1553 2468 brevi
1575 2398 1772 2472 moriuntur,
1799 2393 1835 2464 de
1857 2398 1990 2485 quidem
2021 2422 2067 2471 eo

540 2495 657 2581 ciuus,
683 2519 751 2589 quo
768 2519 843 2578 vas,
866 2502 917 2566 cui
934 2495 1061 2579 insunt,
1086 2495 1181 2567 fuerit
1197 2497 1325 2582 minus,
1351 2498 1397 2566 uti
1416 2495 1582 2584 quondam
1599 2495 1617 2563 d
1635 2491 1724 2564 Nob.
1752 2491 1880 2580 Royleo
1896 2493 1942 2562 est
1957 2496 2070 2567 obser·

541 2620 668 2676 vatum,
695 2593 728 2663 dt
753 2593 860 2664 multis
875 2593 1025 2684 periculis
1045 2596 1272 2665 confirmatum
1297 2592 1448 2662 aCeleb.
1469 2590 1604 2662 Veratto
1631 2590 1651 2682 (
1659 2603 1726 2683 c),
1753 2591 1809 2680 qui
1824 2590 1976 2674 tradidit,
2001 2595 2069 2668 duo

540 2693 690 2765 animalia
704 2695 797 2761 citius
818 2694 850 2762 in
865 2692 983 2785 eodem
1005 2693 1182 2781 recipiente
1204 2693 1308 2774 mori,
1325 2711 1424 2779 quam
1453 2713 1575 2774 unum,
1600 2693 1660 2760 tria
1677 2687 1784 2759 adbuc
1801 2689 1916 2771 citium
1943 2711 2066 2764 mercu-

542 2842 626 2915 rium
649 2841 783 2910 veroin
811 2808 1245 2948 noromeuonunc12-}'
1271 2839 1402 2920 lineas,
1434 2859 1520 2908 nunc
1554 2839 1597 2922 8,
1631 2859 1812 2908 nunc-12.
1846 2833 2068 2910 descendisset

542 3011 644 3080 quate
666 3007 775 3058 autem
797 2988 945 3055 animalia
970 2984 1041 3053 haec
1058 2990 1090 3055 in
1114 2986 1185 3054 vase
1203 2984 1311 3056 clauso
1334 2985 1540 3056 moriuntur?
1564 3005 1605 3053 an
1628 3002 1765 3074 propter
1784 2981 2009 3072 exspirationes
2023 3007 2066 3059 ex

541 3086 774 3176 pulmonibus,
801 3101 868 3149 tum
888 3078 923 3148 dt
946 3082 991 3149 ob
1015 3080 1234 3170 transspiratos
1259 3083 1435 3164 anhelitus,
1460 3081 1589 3160 cal-re,
1615 3077 1649 3151 dt
1673 3081 1879 3168 qualitatibus
1900 3082 1971 3151 aliis
1994 3088 2068 3157 vitae

542 3185 683 3257 noxios,
710 3176 744 3246 dt
767 3174 964 3262 respirationi
980 3177 1129 3259 inutiles,
1147 3178 1202 3265 qui
1218 3180 1249 3245 iu
1268 3176 1350 3247 locis
1370 3181 1489 3265 apertis
1509 3182 1668 3249 continuo
1680 3177 1831 3261 avolant,
1856 3173 2065 3271 &inprimis

543 3278 585 3344 ab
616 3276 654 3341 iis
677 3274 781 3342 ventis
803 3271 1003 3348 avelluntur,
1029 3274 1084 3360 qui
1107 3295 1169 3343 nos
1196 3271 1318 3367 frigore
1340 3276 1522 3344 reficiunt?
1558 3279 1609 3367 tin
1634 3279 1707 3363 quia
1729 3275 1875 3345 animalia
1897 3275 2005 3350 a'e'rem
2028 3283 2062 3351 ln

543 3369 753 3458 respiratione
778 3367 990 3452 consumunt,
1016 3388 1167 3439 aureum
1191 3391 1232 3438 ex
1262 3369 1340 3438 statu
1367 3372 1497 3439 elailico
1523 3375 1553 3440 in
1580 3373 1678 3443 fixum
1706 3374 1863 3444 reducunt
1889 3373 1990 3466 (d),
2013 3376 2060 3446 uti

543 3487 679 3558 quoque
695 3486 736 3534 ex
752 3462 876 3533 Veratti
893 3466 1169 3536 observationibus
1193 3464 1294 3537 liuere
1321 3467 1470 3537 videtur?
1505 3469 1557 3536 An
1577 3474 1684 3557 potius
1706 3469 1751 3538 est
1774 3471 1896 3558 aliquid
1907 3474 1943 3541 itt
1963 3475 2059 3558 a'e're,

541 3562 636 3654 quod
652 3561 761 3652 spiritu
775 3563 908 3632 dubium
922 3562 1001 3648 alit,
1025 3562 1060 3634 dt
1088 3563 1236 3634 sustentat
1261 3568 1463 3645 animantes,
1489 3567 1579 3651 quod
1606 3566 1811 3636 necessatium
1834 3567 1946 3637 estad
1973 3576 2065 3642 vitam

541 3660 816 3741 continuandam,
842 3661 933 3747 quod
956 3664 1115 3730 continuo
1139 3666 1180 3728 ab
1203 3662 1280 3729 aiire
1297 3660 1452 3730 secretum
1468 3660 1623 3755 sanguini
1642 3664 1674 3733 in
1691 3663 1903 3751 pulmonibus
1919 3667 2068 3741 admisce·

540 3777 617 3848 petr,
642 3778 710 3843 quo
741 3759 783 3824 ab
806 3756 935 3824 animali
959 3759 991 3825 in
1014 3757 1084 3822 vase
1106 3757 1277 3824 conliunto
1300 3760 1407 3825 astum
1432 3757 1476 3825 est
1501 3760 1542 3827 de
1566 3759 1652 3827 vira?
1677 3762 1769 3830 Stant
1794 3758 1985 3854 Philosophi
2010 3787 2065 3856 pro

539 3853 632 3938 hisce
657 3850 834 3917 sententiis:
859 3849 964 3935 sorte,
989 3849 1045 3937 qui
1067 3870 1181 3919 onmes
1202 3850 1293 3919 fimul
1305 3852 1492 3945 conjungit,
1517 3857 1639 3925 veritati
1664 3859 1807 3946 propior·
1817 3858 1889 3944 est,
1916 3866 1992 3952 quia
2012 3868 2066 3935 tria

544 3940 805 4018 concurruntz&
822 3965 864 4012 an
882 3964 948 4013 non
965 3965 1099 4036 propter
1115 3950 1237 4016 tertiam
1258 3946 1383 4017 causam
1398 3950 1500 4037 pisces
1516 3950 1634 4039 hyeme
1648 3956 1932 4040 moriuntur,cunr
1942 3962 2065 4038 diutur-

545 4062 590 4114 na
605 4039 709 4142 glacie
725 4037 856 4110 flumina
872 4041 1095 4137 obriguerint,
1122 4040 1157 4113 dt
1174 4065 1281 4127 ranae,
1300 4049 1444 4134 quamvis
1464 4046 1520 4119 sub
1537 4071 1621 4141 aqua
1637 4054 1743 4124 vivere
1757 4050 1876 4143 solita,
1899 4057 2062 4128 iraeadem

545 4159 629 4231 aqua
650 4138 728 4208 osio
753 4138 878 4209 dierum
904 4137 1005 4229 spatio
1031 4138 1145 4211 clausae
1165 4144 1374 4215 moriuntur?

596 4262 627 4360 §.
655 4262 904 4340 MMCLXXl.
931 4261 1219 4359 Quemadmodum
1242 4274 1300 4345 adr
1325 4272 1483 4349 advitam
1506 4278 1689 4350 animalium
1715 4279 1903 4353 necessarius
1930 4284 2000 4370 est,
2024 4287 2065 4358 ita

548 4382 682 4450 quoque
705 4365 853 4451 primaria
876 4359 922 4430 est
943 4363 1035 4434 causa
1061 4370 1274 4461 vegetationis
1299 4368 1499 4444 Planrarum:
1525 4377 1651 4446 nullum
1676 4381 1762 4449 enirn
1787 4400 1958 4451 mucorem
1984 4404 2066 4456 con-

550 4458 679 4527 trahunt
694 4478 901 4548 quaecunque
916 4479 1055 4552 corpora
1068 4464 1103 4534 in
1126 4483 1231 4535 vacuo
1249 4464 1373 4550 clausa,
1395 4470 1582 4544 observante
1608 4473 1747 4547 Montio
1762 4475 1839 4573 (e)
1858 4476 1935 4568 sed,
1960 4479 1984 4552 li
2009 4481 2064 4554 adt

621 4675 679 4749 (a)
701 4679 859 4756 Philosoph
889 4687 1033 4754 Transast.
1055 4689 1116 4748 No·
1139 4706 1208 4764 444.
1230 4691 1319 4751 Clare
1341 4696 1456 4760 motion
1477 4700 1514 4761 of
1530 4701 1626 4765 fluide.
1646 4719 1713 4783 pag.
1737 4719 1803 4780 173.

622 4753 660 4824 (i
671 4759 683 4822 )
707 4758 839 4828 Bouguer
862 4765 983 4840 Voyage
1004 4783 1040 4826 au
1062 4768 1167 4830 Paroa.
1188 4785 1254 4844 pag.
1277 4788 1385 4834 xxxva.

619 4833 675 4909 (c)
697 4836 894 4898 commentat.
918 4844 1032 4902 bonon.
1052 4847 1123 4904 Vol.
1145 4864 1173 4907 ι.
1197 4864 1261 4925 pag.
1286 4865 1354 4921 340·

620 4911 680 4981 (d)
703 4916 792 4973 llalea
816 4918 977 4978 llaemastat.
1001 4924 1126 4996 append.
1148 4927 1222 5004 Exp.
1245 4934 1274 5001 ⁶.
1295 4945 1362 5008 pag.
1386 4947 1456 5013 323.

540 5007 547 5020 ·
617 4989 675 5074 (a)
694 4993 892 5074 Philosophia.
914 5001 1064 5064 limais.
1083 5004 1141 5068 No.
1155 5020 1205 5082 aa.
