4992 6767
876 699 925 798 D
979 696 1023 798 B
1089 703 1108 730 ‘
1160 705 1181 789 i
1232 706 1279 796 G
1333 703 1381 798 N
1435 701 1488 796 Β.
1860 721 1948 841 633
2095 711 2099 719 ’

407 919 451 986 re
471 909 558 984 idem
579 901 711 1001 pondua
738 905 775 978 in
794 900 884 978 lerro
906 904 1068 979 tundente
1094 898 1377 1003 &refrigeratol
1402 904 1466 980 five
1491 905 1526 978 in
1551 904 1709 978 rerefailo
1734 903 1771 980 dr
1795 914 1943 992 conden-

408 1008 502 1096 leto,
523 1009 556 1079 ln
580 1009 657 1080 ein:
676 1001 910 1100 perrdt'(e)l
926 1003 1071 1106 ¹Fenuru
1090 1021 1170 1077 uero
1190 1004 1331 1100 ignitum
1354 1020 1464 1077 manet
1488 1002 1635 1099 ejusdem
1660 1005 1839 1097 ponderis,
1863 1015 1940 1103 quie

411 1128 475 1182 tam
497 1125 614 1202 perum
643 1104 797 1190 rarescit:
830 1103 897 1176 Sed
920 1104 981 1176 alia
1002 1100 1160 1189 metallo,
1193 1117 1267 1194 quc
1299 1104 1334 1175 in
1357 1103 1462 1176 multo
1486 1101 1644 1195 majorem
1670 1103 1791 1180 molem
1816 1126 1939 1184 tumes·

410 1225 509 1293 cunt,
535 1201 765 1276 euenerant
787 1200 909 1288 refusa,
935 1204 969 1273 in
988 1203 1063 1274 uere
1087 1199 1211 1292 penit,
1236 1201 1377 1273 madum
1398 1199 1546 1275 leviora:
1571 1203 1688 1299 frigida
1709 1206 1743 1276 in
1768 1203 1937 1296 pristinum

410 1304 550 1376 redeunt
580 1300 723 1394 pondus.
780 1299 870 1371 Cum
901 1320 1040 1392 quatuor
1069 1295 1179 1370 Librre
1214 1296 1342 1390 plumbi
1374 1301 1408 1371 in
1440 1320 1534 1372 aeneo
1558 1302 1691 1374 vasculo
1713 1301 1773 1374 fuss
1798 1324 1937 1397 quatuor

402 1405 517 1498 ¹granis
540 1402 679 1472 leuiores
697 1399 890 1473 eraserunt:
924 1394 959 1469 dc
984 1418 1124 1491 quatuor
1148 1395 1240 1468 librae
1264 1395 1368 1467 stanni
1393 1397 1555 1498 liquefacti
1580 1419 1744 1486 nuncu,
1778 1422 1867 1474 nunc
1893 1423 1934 1495 3,

401 1497 814 1687 :nullium
829 1493 1210 1668 slz‘llll'ltltl
1232 1494 1507 1684 illim:
1520 1495 1937 1689 lligefllllllllffll

408 1691 583 1766 fundendo
606 1693 643 1764 ln
662 1693 799 1765 vasculis
821 1694 921 1764 :eneis
939 1691 1086 1777 cluuflr,
1111 1685 1348 1762 &carbonum
1373 1693 1443 1786 igni
1468 1712 1539 1762 nun
1562 1690 1699 1764 fumanti
1724 1694 1935 1785 exponendo.

404 1786 585 1863 Plumbum
608 1807 782 1882 antequam
795 1790 983 1882 liquescit,
1014 1794 1049 1862 in
1075 1785 1176 1881 majus
1204 1786 1359 1860 volumen
1378 1789 1567 1859 intumescit
1590 1810 1690 1880 quam
1715 1789 1866 1877 ferrum,
1897 1790 1937 1861 li·

405 1885 596 1978 quefrtltum
615 1906 725 1960 autem
749 1890 785 1961 in
801 1888 905 1960 multo
920 1886 1023 1982 maius
1045 1885 1220 1971 volumen,
1246 1880 1375 1956 &ideo
1399 1884 1441 1955 ab
1465 1887 1554 1956 Aire
1576 1887 1653 1979 plus
1677 1886 1865 1975 sustinetur,
1888 1888 1941 1961 le··

404 1986 546 2078 eiusque
568 1989 727 2079 apparuit.
775 1983 944 2082 Quamdiu
969 2004 1109 2077 corpora
1127 2002 1265 2055 manent
1282 1981 1390 2054 molen
1415 1979 1545 2070 finnae,
1578 1984 1718 2058 multum
1749 1986 1835 2082 ignis
1866 2006 1936 2059 non
2003 1988 2012 2004 “

404 2083 582 2169 irretiunt,
608 2104 671 2155 nec
689 2104 866 2170 acervant,
891 2104 954 2157 nec
977 2083 1019 2155 ad
1041 2083 1185 2175 quietem
1209 2079 1409 2166 dedanim,
1441 2077 1496 2151 sed
1518 2080 1581 2153 suis
1605 2083 1726 2154 viribus
1750 2080 1938 2153 atuahenti·

403 2178 467 2251 bus
492 2178 638 2253 aduersus
664 2183 775 2277 ignem
797 2181 993 2275 operando,
1018 2200 1093 2253 eum
1122 2181 1227 2251 rursus
1249 2176 1448 2271 expellunt:
1471 2178 1565 2272 quod
1583 2178 1828 2267 inculcinatia,
1849 2198 1937 2275 ‹pru-

402 2296 476 2349 rum
500 2298 610 2370 partes
630 2275 743 2352 solute
767 2279 860 2365 sunt,
886 2280 998 2351 locum
1012 2275 1222 2351 nonhabet.

450 2415 484 2513 §-
508 2413 774 2488 MDLXXXll.
799 2415 876 2486 Nec
901 2413 1043 2485 nostram
1065 2411 1228 2505 sequelam
1246 2411 1316 2485 ullo
1331 2410 1438 2485 modo
1451 2412 1599 2511 infringit
1613 2411 1818 2488 observatum
1834 2415 1936 2507 cqui-

399 2513 535 2587 librium
558 2516 592 2583 in
618 2510 706 2583 cubo
731 2510 840 2582 ferreo
861 2514 956 2581 unius
972 2507 1118 2601 pellitis,
1144 2510 1245 2602 penso
1270 2513 1304 2583 in
1330 2532 1434 2584 vacuo
1460 2508 1496 2584 dc
1520 2514 1554 2585 in
1579 2513 1675 2598 aire,
1701 2531 1778 2584 cum
1801 2512 1932 2586 calebat

339 2637 346 2646 ·
404 2629 464 2681 tut
487 2608 655 2702 frigebat,
693 2609 771 2696 quia
800 2627 866 2697 ope
894 2606 1054 2696 ejusmodi
1082 2603 1215 2692 Librae,
1248 2629 1321 2696 quae
1354 2608 1411 2678 sub
1442 2610 1622 2701 recipiente
1645 2611 1681 2682 in
1704 2608 1796 2682 usum
1818 2631 1934 2685 vocata

404 2752 492 2839 fuit,
512 2753 686 2826 discrimen
708 2750 887 2843 ponderis,
914 2747 1005 2842 quod
1029 2748 1206 2842 nequidem
1232 2713 1296 2859 {¹50
1326 2770 1401 2844 pers
1431 2755 1522 2852 grani
1550 2752 1641 2841 fuit»,
1673 2757 1833 2831 observari
1865 2778 1933 2831 non

399 2916 526 2994 pomrt.

456 3041 489 3134 ς.
520 3037 799 3115 MDLXXXlll.
833 3038 950 3112 Multo
977 3042 1085 3112 minus
1110 3039 1239 3110 flamma
1268 3038 1476 3113 incensorum
1505 3055 1681 3134 corporum
1706 3047 1741 3116 in
1765 3043 1854 3117 dire
1878 3046 1935 3116 ad·

399 3139 580 3226 leendens,
604 3161 673 3212 non
695 3138 919 3219 descendens,
944 3135 1074 3227 pondus
1094 3138 1178 3232 ignis
1200 3136 1336 3224 evertit,
1362 3138 1487 3228 qqupe
1511 3133 1641 3211 llamma
1666 3160 1832 3212 unacum
1855 3161 1931 3233 par·

402 3237 509 3312 riculis
529 3257 732 3329 corporum,
767 3256 848 3326 quas
872 3232 968 3307 valde
1000 3231 1175 3318 rarefecit,
1208 3229 1338 3303 mallium
1374 3231 1522 3324 specifice
1552 3234 1709 3310 leviorem
1735 3236 1861 3322 Aere,
1893 3240 1929 3310 in

401 3357 471 3428 quo
495 3333 680 3420 adscendit,
703 3333 893 3424 componit:
917 3327 996 3402 ideo
1017 3332 1052 3402 in
1074 3332 1164 3402 Aere
1189 3330 1301 3401 rariori
1324 3326 1451 3421 semper
1469 3331 1577 3404 minus
1600 3335 1774 3424 minusque
1797 3332 1930 3409 flamma

400 3435 435 3506 in
458 3431 558 3503 altum
587 3432 755 3512 subvenit,
778 3429 887 3499 donec
912 3431 948 3499 in
969 3428 1058 3497 Aire
1079 3425 1217 3498 multum
1236 3422 1394 3498 rarefadio
1420 3447 1487 3499 non
1513 3428 1652 3522 amplius
1675 3428 1860 3503 adscendat.

448 3571 485 3663 ς.
513 3568 788 3644 MDLXXXIV.
815 3569 892 3640 Alia
912 3570 1050 3639 obmora
1071 3565 1135 3638 fui:
1158 3565 1357 3651 difficultas,
1386 3588 1527 3658 corpore
1560 3592 1709 3663 nempe,
1741 3594 1816 3665 quae
1840 3579 1926 3650 uitro

402 3670 527 3743 ullorio
548 3672 580 3738 in
605 3667 729 3737 calcem
753 3684 938 3749 vertuntur,
963 3663 1066 3755 majus
1086 3682 1299 3759 augmentum
1321 3663 1476 3754 ponderis
1500 3669 1671 3759 acquirunt
1694 3673 1727 3741 in
1741 3669 1925 3763 vasssaper·

395 3774 473 3851 tis,
507 3784 604 3857 quam
629 3767 663 3835 in
685 3762 821 3834 clauis:
856 3760 933 3831 ideo
954 3781 995 3831 ex
1014 3761 1105 3832 Aere
1124 3757 1297 3850 particulas
1319 3759 1472 3850 quasdem
1506 3762 1664 3836 acoeffiisc
1696 3766 1815 3859 ajunt,
1849 3792 1924 3861 quae

398 3862 532 3956 pondus
554 3881 722 3933 auxerunt.
771 3857 835 3928 Sed
861 3858 883 3928 n
905 3859 939 3927 in
960 3855 1039 3929 valis
1060 3853 1172 3926 clauis
1194 3854 1327 3949 pondus
1352 3875 1534 3946 corporum
1558 3860 1791 3936 calcinatorun:
1815 3868 1920 3939 incre·

396 3963 501 4046 uerit,
527 3958 593 4029 hoc
613 3958 655 4028 ab
677 3958 772 4036 aire,
797 3952 887 4045 cujus
908 3952 1050 4026 accellur
1069 3953 1257 4039 arcebatur,
1281 3973 1350 4025 non
1371 3956 1557 4045 pependit:
1583 3956 1649 4029 Sed
1672 3960 1773 4054 majus
1797 3965 1922 4037 minus·

398 4078 439 4129 ue
460 4058 695 4127 incrementum
724 4051 745 4126 d
767 4049 894 4123 fortiori
920 4051 1073 4123 leviorive
1088 4093 1103 4134 ,>
1138 4049 1330 4122 diuturniori
1364 4068 1420 4122 aut
1450 4050 1592 4124 breviori
1625 4056 1838 4130 calcinatione
1862 4083 1920 4152 pe·

400 4153 539 4245 pendit,
571 4155 618 4222 uti
654 4150 724 4220 allis
748 4149 976 4240 experimentis
1000 4147 1136 4241 probari
1165 4146 1304 4241 potest,
1340 4146 1492 4242 adeoque
1524 4150 1641 4224 iterum
1672 4152 1920 4245 concludimus„

400 4250 472 4349 igni
497 4249 628 4343 pondus
648 4265 849 4340 competere.

395 4431 397 4436 ·
457 4394 491 4484 ς.
526 4388 785 4464 MDLXXXV.
823 4387 922 4462 Alius
944 4386 1080 4464 restabat
1101 4382 1283 4484 scrupulas:
1315 4389 1505 4485 Corporum
1527 4387 1549 4467 d
1573 4388 1670 4465 radiis
1694 4390 1860 4471 solaribus
1884 4391 1921 4472 iu

397 4492 527 4565 calcem
552 4490 688 4562 redadllr
711 4488 842 4581 pondus
859 4488 998 4561 multum
1018 4491 1187 4561 increscit:
1211 4487 1288 4563 Ltnr
1305 4509 1414 4563 autem
1431 4489 1478 4561 est
1492 4490 1668 4564 admodum
1694 4495 1800 4564 tenuis
1819 4487 1917 4565 &ra-

402 4612 464 4674 ra,
492 4588 568 4659 hinc
596 4607 664 4678 quo
689 4607 837 4678 tempore
861 4585 1032 4658 calcinado
1050 4586 1245 4679 perficitur,
1279 4605 1404 4662 uotum
1428 4587 1551 4661 infinite
1575 4610 1704 4680 parvam
1729 4581 1920 4687 gmvitaten'r

401 4706 483 4758 cum
503 4704 641 4775 corpore
661 4688 901 4784 communicare
923 4688 1073 4778 poterit,
1106 4705 1175 4761 non
1200 4707 1280 4762 vero
1310 4705 1430 4781 quanta
1461 4686 1669 4762 observatur:
1700 4686 1767 4762 Sed
1802 4691 1917 4780 ecquis

1839 4806 1925 4879 1²0⁰·

469 4975 533 5058 (a)
551 4973 721 5042 L'liiliolre
738 4975 776 5046 de
788 4976 900 5045 l'deed
913 4981 993 5063 Iler.
1011 4978 1070 5047 do·
1086 4994 1178 5064 1130.
1195 4998 1265 5063 m·
1282 4984 1331 5057 sd·

1224 5077 1459 5155 Mmmmr
