4992 6767
551 712 640 821 574·
1000 597 1140 771 DS
1249 680 1416 793 ·A···„Q
1470 670 1516 763 U
1569 682 1622 765 A.

411 919 419 934 ·
557 898 708 977 omnium
731 902 848 978 aquam
869 879 1108 956 matinamsale
1129 875 1165 952 dt
1186 874 1401 949 amaritudine
1425 879 1541 950 ornare
1562 895 1631 949 non
1655 893 1856 969 potuerunt,
1881 903 2083 980 nequedum
2134 879 2138 886 ’

559 996 665 1077 usui,
698 986 858 1079 potuique
888 999 998 1072 aptam
1030 976 1177 1049 reddere.
1230 976 1302 1049 Alii
1327 973 1516 1068 Philosophi
1538 978 1641 1051 varia
1664 999 1795 1072 corpora
1818 986 1857 1055 A
1875 1005 1925 1054 ιιι
1949 994 2088 1062 marina

560 1092 758 1188 injecerant,
784 1105 881 1180 qaam
899 1078 1009 1174 postea
1031 1074 1226 1170 destillant:
1251 1071 1412 1144 Omnium
1433 1076 1468 1145 in
1482 1071 1703 1144 bia'conatus
1728 1007 1949 1172 srgrcrArnus
1975 1082 2010 1152 &
2036 1091 2089 1158 in·

561 1190 701 1263 dullrius
724 1180 872 1253 Halelius
897 1177 1080 1267 r'upsravit:
1111 1172 1232 1246 deinde
1262 1168 1416 1241 diversam
1440 1168 1581 1261 aliquam
1609 1172 1701 1242 inivit
1723 1174 1808 1244 viam
1833 1174 1899 1267 Jos.
1926 1178 2088 1272 Appleby

562 1289 625 1364 Λο.
655 1300 761 1377 1753.
789 1279 899 1367 Aquae
922 1274 1055 1344 marinae
1077 1269 1186 1361 injecit
1206 1266 1348 1359 lapidem
1372 1265 1575 1351 caudicum,
1598 1287 1744 1358 paratum
1769 1289 1811 1341 ex
1835 1271 1908 1343 Sale
1934 1276 2090 1351 Alcalino

564 1386 635 1459 fixo
663 1402 739 1451 cunr
764 1375 871 1450 Calce
894 1374 988 1455 viva,
1013 1368 1158 1460 ejusdem
1182 1365 1369 1436 acrimonia
1392 1384 1432 1433 ac
1455 1362 1536 1455 lapis
1560 1362 1745 1454 infsmalis,
1769 1366 1863 1460 bujus
1888 1368 1941 1440 sex
1964 1371 2092 1447 Uncias

564 1481 700 1555 inmittit
722 1474 836 1570 viginti
860 1467 1058 1541 Gallonibus
1080 1464 1214 1555 Aquae,
1238 1460 1355 1532 additls
1376 1460 1430 1532 sex
1453 1462 1559 1533 unciis
1582 1461 1696 1534 ollium
1719 1464 1761 1536 ad
1784 1465 1969 1539 albedinem
1993 1470 2093 1543 calci·
2190 1529 2192 1533 ,

569 1575 741 1653 natorum:
766 1592 835 1642 tum
860 1569 925 1639 leni
948 1568 1024 1660 igne
1053 1560 1225 1632 instituitur
1248 1557 1442 1642 destillatio,
1458 1562 1573 1650 ‘atque
1598 1579 1748 1652 tempore
1771 1561 1906 1635 duarum
1938 1565 2093 1641 horarum

569 1697 649 1748 cum
671 1667 791 1742 semiue
817 1665 1016 1760 colliguntur
1043 1659 1231 1750 quindecim
1255 1649 1415 1727 Gallones
1438 1675 1532 1747 aqua
1556 1655 1680 1743 duleis,
1706 1662 1741 1730 in
1765 1680 1830 1751 qua
1853 1660 1942 1752 Sapo
1965 1664 2092 1756 absque

570 1771 762 1869 fragmentis
786 1766 939 1855 liquitur,
965 1756 1001 1828 bt
1023 1760 1056 1827 in
1075 1777 1114 1826 ea
1141 1753 1321 1826 ebulliente
1343 1753 1418 1844 pist·
1432 1755 1518 1825 bene
1542 1755 1773 1829 emolliuntur:
1797 1757 1837 1828 ln
1853 1760 2017 1832 cochleari
2030 1761 2094 1833 btr-

570 1871 627 1965 jus
653 1888 746 1957 aquae
776 1859 940 1931 deliillatae
973 1854 1098 1947 injedloe
1129 1851 1200 1924 sunt
1227 1854 1340 1950 viginti
1370 1871 1471 1948 guttae
1505 1852 1647 1948 Argenti
1679 1856 1713 1925 in
1748 1856 1845 1947 Aqua
1868 1854 1944 1928 forti
1975 1857 2092 1948 soluti,

572 1965 735 2059 perstante
756 1957 967 2048 limpiditate3
993 1952 1077 2022 adeo
1100 1970 1136 2021 ut
1155 1948 1227 2021 baec
1248 1971 1333 2040 equa
1348 1952 1457 2020 omnis
1480 1948 1562 2020 Salis
1586 1952 1719 2035 marini,
1743 1951 1880 2043 ejusque
1904 1954 2031 2044 spiritus
2055 1958 2094 2030 iit

572 2083 703 2152 expers:
731 2075 874 2126 attamen
897 2052 1023 2142 spiritus
1047 2047 1187 2142 volatilis
1209 2046 1355 2119 urinosus
1379 2046 1480 2131 inell,
1510 2067 1586 2118 nam
1609 2045 1727 2119 solutio
1751 2050 1878 2121 Saccari
1903 2050 2020 2125 saturni
2043 2055 2094 2127 lu·

572 2156 658 2252 jetta
678 2154 755 2225 facit
776 2170 814 2221 ut
834 2170 918 2240 aqua
940 2146 1117 2227 heleseu,
1150 2140 1187 2216 ἀ
1209 2144 1338 2215 turbida
1361 2142 1417 2214 liat
1442 2144 1535 2237 (a).
1587 2143 1791 2237 Ceteroquin
1817 2148 1918 2237 Aqua
1941 2147 2097 2223 denuuu

574 2254 717 2347 injicitur
738 2250 900 2319 mercurio
920 2248 954 2316 in
977 2245 1076 2334 Aqua
1097 2241 1174 2313 forti
1203 2240 1310 2313 soluto
1323 2283 1339 2323 ·,
1380 2262 1454 2332 quae
1486 2242 1508 2311 u
1539 2241 1717 2330 labescat,
1750 2243 1832 2314 inest
1854 2245 1994 2335 Spiritus
2017 2247 2098 2320 Salls

575 2353 702 2424 marini.
751 2343 875 2414 Verum
897 2341 1011 2433 pollen
1031 2335 1179 2411 Halefius
1201 2339 1296 2408 aliam
1320 2339 1442 2409 inuenit
1465 2338 1678 2424 methodum,
1703 2343 1963 2432 quatuor-pintis
1988 2343 2097 2440 Aquae

576 2452 711 2522 matina
738 2441 848 2534 injecit
882 2441 1013 2510 unciam
1043 2455 1141 2508 crete
1172 2435 1334 2531 vulgaris,
1368 2434 1487 2506 delnde
1517 2436 1647 2527 Aquam
1681 2435 1876 2524 destillavit,
1913 2444 2100 2535 recepitque

575 2564 609 2728 ἓ
633 2612 743 2692 partes
765 2583 876 2692 'Aqua
896 2586 1030 2669 dulcis,
1064 2583 1223 2669 salubris,
1247 2586 1341 2696 potui
1367 2581 1506 2698 idonea.
1546 2583 1664 2676 Butler
1684 2585 1783 2657 utitur
1807 2577 1919 2659 linitio
1943 2583 2101 2688 Saponis,

578 2740 806 2837 Quadrantem
833 2734 911 2804 Vini
941 2734 976 2801 in
992 2816 994 2824 Ι
1013 2751 1069 2825 15.
1101 2728 1302 2801 Gallonibus
1332 2728 1438 2817 Aquae
1463 2731 1594 2799 marlnae
1619 2728 1816 2802 infundens:
1847 2731 1971 2804 Verum
1995 2736 2103 2809 silim

578 2839 688 2931 pretio
716 2833 804 2906 Calx
824 2828 972 2903 Sanatilis
996 2826 1108 2897 haberi
1129 2823 1257 2915 potest,
1284 2845 1357 2913 quae
1381 2824 1468 2894 idem
1493 2824 1637 2917 prestat,
1663 2822 1699 2893 dt
1722 2826 1905 2913 prefertur,-
1950 2828 2102 2916 Diffi,

577 2935 679 3008 uncia
712 2930 832 3027 Calcis-
858 2927 1031 2998 inmittitur
1052 2927 1087 2991 in
1112 2921 1295 2991 Gallonem
1318 2918 1429 3008 Aquae
1454 2924 1701 3006 marina,·autrr
1723 2920 1805 2994 lenis
1827 2920 2105 3036 fiatqqdellillrtio,

579 3048 862 3168 Aqusdestillnta
884 3067 925 3139 ad
952 3032 977 3185 ζ
1002 3067 1101 3135 totius
1127 3060 1221 3137 soluit
1240 3062 1437 3155 Saponcm,
1470 3063 1505 3137 &
1537 3042 1691 3142 confore
1707 3017 1841 3162 ¹errrollit
1862 3051 1930 3164 pila
1944 3039 2106 3168 ,melio-

581 3207 695 3312 risque
713 3218 760 3286 est
784 3215 923 3307 saporis,
947 3230 1046 3301 quarn
1073 3210 1172 3300 Aqua
1191 3213 1246 3280 cui
1263 3209 1344 3301 lapis
1368 3210 1532 3284 infernalis
1555 3197 1617 3286 luit
1640 3213 1795 3308 injustus·
1839 3203 2103 3296 Ideo-Creta&

585 3318 673 3389 Calx
694 3313 809 3385 melius
834 3311 949 3401 trahit,
974 3306 1110 3401 figitque
1128 3306 1182 3375 Sal
1207 3327 1350 3377 amarum
1375 3308 1562 3397 bituminis,
1589 3333 1686 3401 quam
1712 3312 1813 3407 Lapis
1836 3313 2016 3387 iufemalls':
2033 3318 2103 3391 ‘Gi-

584 3434 683 3491 neres
701 3410 879 3485 carbonum
901 3406 1084 3502 ligneorum
1104 3424 1198 3493 aquae
1217 3402 1414 3494 ¹injedlorum
1437 3409 1535 3478 etiam
1569 3407 1641 3479 sunt
1664 3409 1844 3495 laudandi,
1883 3413 1988 3484 modo
2010 3417 2107 3508 Aqua

580 3527 658 3581 tum
678 3505 860 3579 destilletur
892 3503 983 3599 (l).
1034 3500 1101 3572 Sed
1123 3499 1212 3591 juvat
1238 3500 1379 3573 celerem
1406 3506 1513 3595 Aquae
1543 3505 1735 3577 adscenllrm-
1759 3512 1844 3579 inter
1867 3509 2106 3603 moriundum,

580 3603 704 3682 fiA‘e't·
725 3626 795 3697 ope.
809 3601 896 3674 follis
910 3622 976 3694 per
994 3600 1108 3671 tubum
1129 3594 1165 3668 δι
1187 3619 1377 3691 tympanum
1401 3602 1436 3672 in
1459 3602 1595 3675 testeam
1619 3603 1683 3675 lite
1706 3625 1762 3676 uas
1778 3606 2107 3701 dellillatorium'per-

587 3726 692 3800 petuo
710 3706 927 3794 imprimatur:
954 3700 1028 3771 Air
1050 3718 1110 3786 per
1129 3696 1261 3783 Aquam
1274 3697 1472 3772 adscendens
1487 3698 1595 3772 secum
1610 3695 1730 3792 abripit
1745 3725 1902 3794 vapores,
1927 3702 2109 3796 &Aquam

580 3807 688 3877 -vertit
708 3805 751 3871 in·
768 3816 950 3885 vaporem,
982 3795 1023 3864 ut'
1042 3793 1112 3879 pari
1136 3808 1285 3876 tempore
1312 3791 1416 3879 duplo
1439 3793 1513 3880 plus
1536 3796 1646 3884 Aquae
1669 3796 1842 3892 adsceudat
1864 3803 1900 3874 iu
1923 3804 2112 3889 capitellum

586 3918 691 3988 quam
715 3892 838 3988 vulgari
859 3888 962 3960 modo
987 3884 1077 3981 (c).
1437 3957 1441 3962 .
1514 3955 1517 3960 .
1796 3957 1798 3962 .

589 4037 600 4050 ·
641 4006 673 4105 ς.
698 3998 1003 4174 lllqlCsCSngLlll„
1027 3999 1126 4092 Aqua
1149 3995 1310 4089 puriffima
1329 3993 1394 4068 elle
1418 4003 1658 4095 cognoscitur,
1682 4003 1706 4075 li
1729 4004 1883 4077 omnibus
1907 4007 2117 4099 sequentibus

640 4108 709 4180 ricu
724 4107 748 4175 's
782 4105 826 4174 ati
874 4102 949 4175 ciat.
1355 4113 1359 4120 ·

591 4249 596 4261 -
630 4220 698 4291 'ra
723 4212 757 4284 Si
778 4212 874 4284 fuerit
896 4204 1155 4301 pellucidillima,
1181 4206 1337 4300 limpida,
1361 4209 1484 4303 absque
1506 4211 1575 4286 ullo
1599 4215 1734 4297 colore,
1759 4214 1892 4307 sapore,
1917 4215 2035 4291 odore.

643 4321 701 4385 ι’.
725 4309 899 4401 Postquam
921 4304 1038 4375 solutio
1059 4303 1195 4403 Argenti
1215 4308 1248 4377 in
1272 4307 1381 4397 spiritu
1406 4312 1480 4380 nltti
1504 4310 1550 4380 est
1573 4307 1692 4399 affusa,
1715 4333 1849 4384 ¹maneat
1861 4335 1954 4406 aeque
1965 4313 2120 4409 limpida,

586 4428 677 4486 ‘nam
697 4409 722 4481 fi
745 4407 824 4478 sales
846 4402 965 4488 infint,
997 4401 1146 4473 oburitur
1166 4401 1433 4490 effervescentia,
1458 4408 1605 4478 turbatur
1627 4408 1760 4500 liquor,
1786 4405 1822 4482 dt
1846 4413 2051 4494 caerulescit:
2084 4437 2122 4488 ut

586 4528 710 4580 ‘autem
738 4505 893 4574 certiores
914 4499 1037 4570 limus<
1070 4520 1141 4570 nec.
1154 4499 1244 4570 Sales
1266 4498 1407 4583 acidos,
1428 4521 1504 4573 -nec
1534 4503 1726 4595 Alcalinos,
1758 4529 1987 4583 nec-neutros
2010 4511 2120 4605 Aquas

577 4601 723 4693 Anam,
747 4597 872 4689 reliqua
896 4599 1043 4667 examina
1064 4596 1153 4666 fiant.
2191 4601 2194 4606 ’

550 4686 556 4707 “
652 4715 703 4790 8⁶·
727 4694 762 4764 Si
778 4695 820 4764 ab
840 4691 943 4765 affuso
970 4691 1059 4764 Oleo
1082 4692 1206 4763 Tartari
1228 4713 1288 4784 pet
1313 4692 1494 4786 deliquium
1518 4717 1588 4775 uon
1612 4701 1773 4778 ldiiescat.

1846 4837 1850 4843 .
2013 4811 2063 4900 ⁴0·
2088 4800 2125 4879 sq
2158 4871 2161 4879 Ι

588 4931 595 5027 2·
699 4920 736 5073 tl
756 4918 863 5059 illu
886 4918 1037 5058 itaer
1059 4916 1120 5055 u:
1135 4922 1184 5071 u:
1204 4924 1409 5073 truse„
1426 5004 1496 5074 a,
1516 5025 1524 5038 .
1543 5071 1547 5076 ,

678 5077 735 5167 (ι)
753 5077 863 5164 l’lrllob
883 5075 1032 5164 Ttautuib
1053 5075 1115 5148 tol·
1134 5091 1182 5158 so
1202 5086 1278 5168 paru
1295 5090 1323 5140 ι.
1342 5091 1472 5155 pag-51.
