4992 6767
851 676 991 770 ne
1141 637 1480 774 roan
1849 687 1932 803 a,

400 903 557 970 marom,
588 882 736 975 quamvis
760 880 886 954 interea
913 876 1052 953 multum
1077 880 1203 954 metalli
1235 903 1313 954 cum
1336 880 1429 954 sumo
1452 878 1626 954 avolaverit
1651 876 1745 974 (a).
1795 874 1932 956 Bismu-

403 990 495 1063 arum
513 1002 531 1053 r
552 975 742 1071 Geolsroyo
763 979 827 1052 suit
845 977 1040 1051 micinatum
1059 981 1098 1050 -in
1124 980 1196 1054 vase
1212 978 1341 1068 ferreo,
1366 985 1399 1054 in
1424 982 1548 1076 vineo,
1574 981 1609 1051 in
1633 996 1785 1064 terreno,
1811 982 1867 1069 qui
1893 981 1928 1053 id

411 1101 462 1260 ᾗ
490 1130 647 1225 ponderis
664 1150 755 1223 parte
772 1126 939 1202 increvisse
955 1127 1134 1201 observavit
1147 1128 1233 1226 (b),
1249 1129 1347 1205 Fabri
1363 1131 1419 1224 qui
1432 1128 1590 1201 Stannuta
1605 1122 1786 1213 calcinarrt,
1811 1125 1921 1199 obser·

398 1299 473 1356 rant
487 1246 686 1389 calcem-‚¹3
715 1298 808 1374 parre
829 1277 985 1371 ponderis
1010 1279 1201 1352 increscere.

450 1426 659 1519 Geoffroyus
689 1425 814 1498 Uncias
847 1425 931 1497 duas
958 1425 1071 1497 Stanni
1100 1429 1236 1524 virginei
1271 1449 1388 1525 magna
1421 1448 1499 1499 cura
1530 1423 1709 1499 duodecies
1738 1424 1926 1508 calcinavit,

400 1533 613 1626 augmentum
646 1524 803 1617 ponderis
833 1521 894 1593 suit
923 1522 1060 1594 duarum
1092 1524 1318 1596 drachmarum
1344 1523 1382 1597 'dt
1405 1526 1638 1619 quinquaginta
1662 1523 1784 1617 septem
1809 1542 1928 1619 grano·

402 1646 488 1699 rum.
546 1624 689 1695 Alterius
711 1622 823 1693 Stanni
848 1623 924 1711 puri
943 1623 1049 1692 unciae
1076 1623 1150 1694 duae
1170 1626 1203 1693 in
1225 1621 1493 1694 calcinationibus
1514 1620 1688 1692 duodecim
1714 1624 1923 1691 increverunt

399 1722 549 1818 pondere
578 1720 714 1793 dantum
736 1717 961 1790 drachmarum
985 1715 1020 1789 dt
1041 1722 1276 1816 quinquaginta
1308 1741 1427 1791 novem
1456 1732 1645 1814 granorum.
1704 1718 1816 1789 Stanni
1841 1716 1928 1786 lian-

399 1841 457 1892 cas
485 1820 591 1893 unciae
627 1817 701 1889 duae
734 1819 940 1887 increverunt
971 1816 1120 1906 pondere
1152 1820 1249 1888 trium
1280 1818 1505 1888 drachmarum
1536 1811 1573 1886 dr
1606 1814 1818 1911 quadraginta
1849 1814 1928 1883 osto

398 1937 587 2015 granorum.
648 1916 761 1987 Stanni
795 1912 956 1984 Maiaccae
990 1917 1095 1985 unciae
1130 1913 1204 1985 duae
1225 1911 1440 1986 'increverunt
1464 1911 1613 2005 pondere
1638 1913 1735 1981 trium
1761 1909 1929 1981 dmchma·

399 2035 475 2086 rum
498 2011 534 2085 dt
555 2012 731 2084 duodecim
756 2032 949 2107 granorum:
976 2010 1088 2082 stanni
1109 2016 1294 2084 communis
1315 2014 1421 2085 unciae
1447 2011 1521 2082 duae
1539 2010 1579 2081 in
1594 2008 1771 2080 duodecim
1787 2008 1927 2080 calcina·

399 2112 544 2182 tionibus
563 2110 777 2183 decreverunt
797 2108 945 2201 pondere
973 2129 1225 2206 15.gnn0rum
1252 2112 1272 2205 (
1307 2111 1339 2207 ).

448 2208 514 2279 Sed
536 2207 652 2277 melius
675 2208 906 2298 experimentis
936 2205 1059 2276 conlidi
1081 2211 1229 2299 poterit,
1268 2205 1541 2280 licalcinationes
1576 2206 1610 2274 in
1635 2203 1714 2275 valis
1739 2201 1853 2275 clausis
1878 2208 1929 2274 in·

397 2302 575 2377 stituantur.
629 2302 752 2375 Unciae
783 2305 857 2374 duae
883 2302 1018 2372 Rnsurae
1043 2304 1147 2373 stanni
1170 2308 1204 2373 in
1236 2324 1389 2375 retortam
1410 2306 1542 2375 vitream
1569 2300 1701 2370 inmissae
1726 2299 1823 2386 sunt,
1855 2324 1929 2390 quae

399 2401 518 2474 deinde
543 2402 722 2472 hermetice
747 2400 809 2467 suit
840 2399 1003 2491 figiilata;
1036 2399 1102 2467 hoc
1131 2399 1279 2472 stannum
1309 2400 1389 2471 hora
1420 2399 1524 2492 sesqui
1557 2401 1591 2467 in
1624 2396 1755 2467 flamma
1787 2394 1929 2467 ardentis

400 2498 572 2590 sulphuris
602 2496 745 2588 positum
773 2491 808 2562 dt
834 2495 994 2564 continuo
1024 2493 1241 2583 concussum,
1274 2498 1391 2593 magni
1419 2499 1569 2587 partein
1594 2494 1720 2565 calcem
1745 2491 1847 2581 abiit,
1872 2494 1928 2566 cui

404 2616 446 2666 au
505 2614 617 2664 enturn
640 2589 796 2680 ponderis
822 2610 996 2683 granorum
1019 2612 1159 2678 quantor
1180 2615 1256 2662 cum
1278 2595 1418 2663 dimidio
1441 2592 1514 2664 suit.

493 2692 564 2757 ncia
593 2686 768 2756 Limaturae
797 2681 903 2773 Cupri
919 2683 1051 2766 ,inmissa
1079 2685 1142 2755 fuit
1169 2689 1373 2772 crucibulo,
1405 2689 1498 2778 quud
1521 2688 1630 2784 tegula
1654 2692 1775 2759 tedium
1800 2688 1926 2760 trihorii

403 2785 510 2877 spatio
538 2785 606 2878 igni
621 2800 709 2853 rorae
730 2778 912 2870 expositum
935 2777 1025 2867 fuit;
1053 2778 1257 2876 frigefasbum
1276 2782 1470 2869 metallum,
1501 2805 1589 2855 nunc
1609 2784 1769 2877 nigrum,
1800 2782 1931 2875 pondus

403 2900 579 2978 granorum
599 2896 662 2968 49.
683 2877 858 2967 acquisivit.
1280 2921 1283 2926 -
1478 2951 1485 2966 .

451 2975 680 3069 Marggravius
703 2971 836 3042 Platinae
866 2968 945 3041 duas
970 2968 1094 3042 Uncias
1116 2973 1267 3045 violento
1291 2978 1368 3071 igne
1390 2972 1511 3046 bihorii
1546 2971 1648 3066 spatio
1674 2974 1851 3059 ustulavit,
1883 2978 1933 3046 in-

402 3074 490 3148 venit
517 3074 550 3139 in
572 3067 758 3164 refrigerata
778 3064 876 3137 massa
892 3068 1023 3157 pondus
1045 3067 1189 3141 duarum·
1204 3069 1385 3142 Unciarum
1405 3068 1439 3141 δι
1460 3093 1514 3142 ιο.
1534 3090 1663 3165 granor.
1680 3069 1736 3163 (d
1743 3072 1773 3163 ).
1824 3068 1931 3139 Dein·

404 3170 504 3241 dein
534 3164 641 3237 Uncia
669 3164 830 3256 platina,
862 3162 969 3234 clauso
992 3165 1163 3237 crucibulo
1195 3162 1397 3237 immissae&
1421 3163 1697 3237 vehementissimo
1725 3169 1795 3262 igni
1830 3185 1934 3256 expo·

404 3266 469 3338 sitae
498 3261 728 3356 quadrilrorio,
752 3263 987 3331 incrementum
1008 3262 1165 3351 ponderis
1188 3263 1223 3334 6.
1246 3284 1338 3359 grarr.
1363 3283 1516 3353 expertus
1541 3261 1599 3332 est.

453 3361 563 3433 Uncia
583 3357 697 3429 rasurae
723 3358 825 3427 stanni
849 3359 881 3427 in
907 3373 1028 3427 retorta
1047 3359 1168 3444 vitrea,
1193 3381 1269 3448 quae
1291 3359 1411 3430 deinde
1435 3358 1611 3432 hermetice
1636 3357 1858 3457 figillabarur,
1882 3358 1946 3452 irr-⁸

406 3457 492 3532 clusa
513 3456 593 3539 suit,
613 3475 689 3524 tum
710 3454 843 3523 bihorio
859 3451 999 3522 dammae
1016 3452 1153 3542 Spiritus
1172 3453 1251 3527 Vini
1278 3455 1443 3545 exposta,
1468 3457 1580 3545 po'siea
1605 3456 1678 3528 refti
1703 3477 1793 3528 erato
1813 3456 1931 3526 stanno

412 3578 452 3629 an
513 3572 624 3622 enturn
648 3550 804 3640 ponderis
830 3544 986 3617 accessisse
1011 3569 1186 3640 granorum
1211 3569 1353 3640 quatuor
1377 3572 1452 3622 cum
1470 3551 1591 3624 semisse
1615 3479 1728 3643 pendo
1753 3553 1879 3623 docuit.

474 3652 546 3745 gnis
572 3650 605 3715 in
626 3647 728 3715 tribus
751 3643 880 3712 diversrs
901 3641 1031 3732 pabulis
1053 3642 1210 3715 coileeius
1232 3666 1409 3738 corporum
1425 3648 1555 3737 pondus
1570 3648 1689 3720 eodem
1709 3648 1812 3719 modo
1830 3651 1932 3719 auxit.

407 3747 535 3822 Hierne
566 3740 752 3813 Antimonii
784 3738 944 3809 Martialis
977 3741 1104 3810 unciam
1135 3744 1170 3812 in
1193 3743 1270 3837 igne
1291 3741 1459 3813 suculento
1489 3744 1686 3827 calcitravit,
1716 3747 1847 3817 audium
1872 3744 1935 3815 suit

407 3843 558 3938 pondere
584 3837 721 3909 duarum
751 3835 985 3907 drachmarum.
1035 3832 1191 3927 Ejusdem
1222 3836 1346 3934 Reguli
1375 3836 1519 3912 Unciam
1552 3840 1682 3914 invase
1708 3861 1814 3914 terreo
1840 3841 1937 3915 calci·

408 3943 497 4015 navit
516 3940 591 4031 igne
613 3934 757 4018 leniori,
781 3934 1017 4003 incremenmm
1038 3931 1194 4023 ponderis
1215 3932 1278 4006 suit
1300 3953 1441 4027 quatuor
1465 3938 1699 4028 Scrupulorum
1725 3940 1815 4033 (e).
1867 3936 1936 4012 Ve-

409 4059 479 4109 rum
503 4033 660 4124 suspicio,
682 4051 748 4100 non
770 4030 879 4100 omnis
899 4029 1033 4098 rationis
1060 4049 1200 4121 expers,
1223 4033 1303 4103 oriri
1316 4030 1443 4122 posset,
1468 4057 1508 4105 an
1524 4057 1593 4105 nun
1605 4037 1642 4106 in
1661 4037 1711 4107 his
1727 4037 1935 4114 metallorum

411 4129 677 4205 calcinationibus
700 4145 806 4218 partes
836 4122 985 4214 quadam
1020 4124 1199 4198 subtiliores
1225 4128 1337 4219 pabuli
1366 4128 1547 4224 terrestris,
1582 4130 1644 4202 sive
1676 4133 1782 4204 salinae
1817 4134 1935 4207 acidae·

412 4251 497 4323 que,
522 4226 585 4298 sive
602 4223 722 4295 oleosae
738 4243 794 4294 aut
806 4222 939 4291 alterius
954 4224 1104 4316 generis,
1129 4222 1221 4295 sinrul
1236 4244 1315 4298 cum
1326 4225 1404 4319 igne
1418 4226 1489 4300 vasa
1502 4230 1623 4313 vitrea,
1648 4228 1872 4314 crucibulum,
1898 4228 1935 4302 dt

412 4326 576 4423 explorata
606 4318 735 4393 metalla
759 4320 1044 4417 perreptaverint,
1077 4338 1177 4414 arque
1206 4322 1240 4395 in
1269 4320 1321 4397 his
1350 4319 1575 4402 delitescentes
1607 4324 1741 4428 pondus
1769 4327 1935 4414 auxerint,

1867 4442 1938 4508 uon

484 4635 548 4708 <ai
564 4634 736 4697 L’iiisioire
752 4632 789 4695 de
804 4632 920 4697 l'llcad.
932 4632 1014 4710 aoy.
1030 4633 1086 4698 aa.
1104 4646 1192 4710 της.

489 4715 549 4785 (b)
570 4714 736 4773 L’liisioire
752 4714 788 4773 de
808 4714 922 4774 l’Acad.
940 4715 1018 4791 Roy.
1034 4715 1087 4773 Aa.
1109 4729 1195 4788 1753·
1217 4727 1284 4789 pag.
1301 4728 1369 4787 ror.

489 4789 545 4867 ’(ι)
567 4790 731 4849 L’Histoire
745 4792 781 4849 de
796 4791 909 4852 l'Acad.
929 4793 1004 4866 Roy.
1021 4794 1076 4851 Ao,
1094 4799 1180 4867 1738.
1202 4808 1266 4868 pag.
1282 4800 1350 4865 169.

490 4868 551 4944 (d)
573 4868 803 4928 Asia-chemin.
824 4873 912 4930 Torn.
929 4886 956 4928 a.
978 4873 1114 4931 Teutam.
1130 4887 1157 4945 5.
1176 4888 1245 4947 pag.
1264 4885 1331 4945 113.

482 4951 542 5025 (e)
561 4944 730 5008 L'liilioite
744 4946 781 5006 de
795 4946 906 5012 l’Acad.
920 4946 957 5011 de
969 4949 1081 5012 Berlin.
1095 4949 1152 5014 Aa,
1166 4964 1254 5025 1151.
1275 4967 1340 5026 pag.
1363 4959 1413 5024 aas

1243 5055 1431 5133 Mmmm
