4992 6767
596 719 767 816 arao
786 715 1023 816 ramnum
1042 716 1108 805 uu
1126 719 1333 812 natant
1353 717 1764 820 manaturum
1858 749 1948 848 tu

386 913 395 930 ⁸
466 921 533 998 Vel
552 942 623 997 tum
647 918 756 992 Lente
780 920 969 992 recedamus
998 920 1031 988 in
1060 940 1186 992 camera
1210 942 1367 1011 quantum
1388 923 1465 996 licet
1485 947 1504 997 a
1531 923 1695 1013 fenestris,
1722 924 1757 998 dt
1784 926 1940 998 tentando

419 1026 532 1120 parieti
556 1021 771 1092 admoveatur
801 1018 898 1104 lens,
939 1016 1050 1088 donee
1082 1014 1287 1090 fenestratum
1323 1022 1445 1112 quadra
1473 1045 1677 1116 appareant,
1710 1026 1765 1094 ubi
1794 1021 1941 1094 fenestra

415 1118 848 1309 s‹pp'plairrpellplgipterlrppingantur
868 1119 903 1188 in
926 1115 1081 1207 pariete,
1112 1117 1173 1218 ubi
1191 1117 1237 1189 est
1258 1117 1379 1207 focus,
1412 1121 1504 1214 cujus
1526 1123 1670 1194 distantia
1693 1124 1712 1194 d
1737 1122 1825 1196 lente
1850 1139 1943 1191 men·

466 1352 500 1442 §a
526 1340 803 1415 lllDCCXClII.
831 1340 963 1412 Interim
993 1342 1175 1413 notandum
1197 1342 1270 1427 ell,
1290 1343 1402 1417 focum
1428 1345 1589 1417 radiorum
1611 1345 1781 1439 hucusque
1806 1343 1938 1418 Mathe·
1983 1346 2060 1432 mo:

417 1448 539 1519 matice
560 1443 804 1512 determinatum
830 1440 916 1508 aest
943 1442 1098 1529 punitum
1123 1440 1232 1526 eliet,
1257 1461 1327 1513 non
1350 1442 1414 1513 elle
1440 1446 1608 1535 punitum.
1658 1444 1727 1539 Qui
1752 1447 1839 1515 enim
1865 1413 2086 1541 radiilfpull.1

420 1539 567 1635 paralleli
592 1538 632 1607 ad
653 1539 727 1608 axin
754 1533 992 1607 GCEDFT
1015 1538 1185 1621 incidunt,
1210 1561 1279 1609 non
1302 1560 1502 1612 concurrunt
1529 1562 1643 1613 omnes
1671 1544 1702 1612 in
1729 1541 1782 1612 F:
1809 1539 1863 1609 sod
1888 1541 1944 1610 ab·

421 1656 550 1721 errant,
577 1638 633 1726 qui
659 1633 729 1705 sunt
748 1635 890 1726 proximi
910 1636 982 1718 axi,
1009 1655 1208 1706 concurrunt
1229 1638 1262 1706 in
1285 1634 1363 1706 loco
1389 1641 1587 1722 remotiori,
1624 1641 1680 1730 qui
1701 1658 1813 1722 autem
1842 1639 1945 1731 magia

419 1739 463 1807 ab
478 1755 538 1805 axe
565 1732 709 1817 distant,
731 1752 930 1802 concurrunt
966 1729 1100 1801 inloto
1125 1734 1271 1822 propiori
1297 1733 1377 1804 lenti
1404 1734 1503 1806 veluti
1529 1735 1575 1805 est
1601 1735 1659 1819 F,
1692 1735 1769 1806 ideo
1793 1731 1887 1803 locut
1912 1735 1946 1804 itt

420 1834 471 1913 F,
502 1825 690 1901 &ulterius
715 1829 735 1901 d
758 1828 872 1911 lente,
897 1829 1069 1898 est'tenuis
1092 1829 1270 1914 circellus,
1304 1825 1349 1899 dt·
1367 1832 1453 1902 idean
1476 1835 1509 1901 in
1537 1831 1663 1902 diverso
1689 1834 1707 1901 d
1733 1832 1822 1901 lente
1849 1832 1947 1900 inter·

421 1928 524 2002 vallor
571 1925 733 1996 Circellus
756 1927 810 1995 ille
833 1924 896 1997 hoc
919 1924 1022 1996 modo
1047 1946 1236 2017 compertus
1264 1925 1334 1997 est:
1371 1929 1590 2019 Concipiatur
1616 1927 1704 2000 Lens
1730 1928 1949 2018 plano-con·

419 2046 521 2108 vexa,
546 2023 677 2114 planitie
695 2024 833 2113 excipiat
856 2024 962 2093 radios
987 2022 1186 2108 incidentes,
1211 2024 1279 2096 fere
1302 2025 1496 2115 parallelos:
1524 2047 1592 2096 tum
1611 2025 1769 2095 diameter
1793 2020 1959 2114 sphaerae,

422 2144 465 2193 ex
493 2142 556 2212 qua
586 2119 656 2188 lens
684 2142 827 2189 convexa
856 2141 947 2210 parte
973 2118 1018 2189 eil
1050 2118 1223 2208 formata,
1242 2143 1377 2194 uocetur
1408 2121 1456 2193 D.
1510 2122 1756 2194 Semidiameter
1787 2140 1947 2210 aperturae

420 2219 513 2290 lentis
538 2216 573 2286 stt
596 2216 645 2303 S,
680 2215 821 2287 &finus
845 2217 1030 2287 incidentiae
1055 2215 1091 2284 fit
1118 2219 1161 2303 I,
1195 2218 1280 2287 finus
1314 2220 1513 2288 refradtionis
1545 2219 1583 2287 stt
1617 2217 1663 2288 R.
1690 2239 1760 2287 tum
1793 2217 1948 2286 diameter

936 2311 990 2350 „2
1090 2313 1131 2367 ,Β

421 2330 993 2532 ι)ἰτεο11ῐ,<ῃιὶεῐὶΐοειιε,εῑῐιὲἶ-ι
1021 2399 1056 2463 >e
1093 2333 1161 2533 {32-
1187 2387 1223 2456 stt
1247 2386 1264 2456 l
1286 2388 1326 2459 ad
1353 2387 1389 2460 R
1414 2389 1459 2457 uti
1494 2406 1548 2480 17.
1579 2388 1621 2458 ad
1658 2410 1712 2461 11.
1736 2384 1773 2459 &
1797 2387 1953 2459 diameter

423 2567 590 2658 spherica
610 2561 772 2628 lentis:
798 2558 833 2627 D
846 2580 890 2615 =
915 2581 994 2628 too.
1012 2558 1092 2649 poll.
1111 2557 1145 2632 δι
1161 2561 1184 2632 8
1204 2562 1437 2634 semidiameter
1450 2585 1608 2655 apertura
1624 2561 1737 2637 Lentis
1756 2587 1797 2625 =
1820 2589 1853 2638 a.
1871 2562 1952 2656 poll.

427 2708 552 2782 circelli
576 2706 732 2775 diameter
760 2705 819 2773 erit
844 2660 986 2825 382&
1008 2723 1081 2792 quae
1107 2703 1153 2773 eil
1180 2709 1340 2796 quantitas
1362 2708 1540 2778 admodum
1565 2731 1674 2800 parva.
1723 2710 1790 2781 Sed
1815 2728 1950 2801 propter

427 2854 583 2928 diversam
610 2849 773 2920 radiorum
791 2850 875 2920 lucis
901 2846 1198 2942 tel'rangibilitatem
1225 2852 1312 2923 hunc
1345 2852 1507 2925 defetlum
1533 2873 1691 2944 praeterea
1721 2857 1864 2948 augeri,
1898 2872 1955 2940 pa·

428 2954 510 3023 tebit
532 2953 564 3019 in
589 2947 817 3036 sequentibus,
843 2943 927 3015 adeo
953 2964 988 3014 ut
1017 2943 1112 3016 focus
1143 2949 1341 3018 lentium-stt
1364 2950 1515 3021 circellus
1540 2952 1720 3024 admodum
1746 2948 1895 3041 amplus,
1919 2943 1955 3017 ἐι

427 3047 578 3128 notabilis
603 3044 833 3138 longitudinis,
863 3041 927 3111 srve
951 3041 1072 3131 species
1095 3043 1260 3132 cylindrit·
1276 3046 1450 3135 quomodo
1476 3044 1542 3117 foci
1566 3046 1691 3135 Physrci
1716 3048 1968 3119 aberntionetn-

426 3145 553 3260 ealculo
575 3144 718 3212 invenire
741 3141 941 3238 Algebraico
966 3138 1063 3223 licet,
1089 3142 1218 3212 tradidit
1242 3140 1351 3239 Craig.
1367 3147 1402 3215 in
1428 3142 1581 3217 Trallatu
1606 3144 1648 3217 de
1675 3143 1815 3219 Calculo
1829 3142 1956 3214 Fluen-

424 3263 508 3314 ttum
534 3261 610 3336 pag.
635 3259 698 3330 9¹·

585 3846 826 3934 CAPUT.
884 3845 1375 3936 TRlGESI-MUM
1423 3853 1798 3962 QUARTUM.

531 4148 595 4233 Ile
632 4143 789 4254 diverstt'
827 4144 1065 4231 Radiarum'
1085 4143 1425 4255 Resrangibt'litate
1463 4154 1509 4243 δ’
1550 4152 1597 4231 de
1640 4149 1865 4233 doloribus..

426 4463 763 4568 pntDccxcud
882 4488 939 4537 'uae
975 4466 1146 4560 hueusque
1175 4467 1217 4540 de
1237 4466 1338 4541 Lucia
1359 4467 1455 4541 radiis
1477 4468 1696 4554 tradidimus,
1729 4465 1787 4540 illo
1811 4470 1956 4544 nituntur
1995 4498 2059 4551 tan.-

793 4472 1152 4689 Qfandamentm
1196 4568 1306 4640 radios
1341 4588 1457 4639 omnes
1489 4566 1552 4638 elie
1586 4589 1679 4659 eque
1713 4559 2086 4684 refrangibileafflfffjss·

915 4663 1007 4756 quod
1043 4686 1155 4738 verum
1182 4688 1251 4740 non
1283 4666 1340 4737 est.
1391 4664 1519 4738 lntenit
1543 4662 1637 4737 Nob.
1663 4664 1870 4755 Newtonus,
1904 4692 1954 4740 ra·

424 4762 524 4835 diunt
549 4755 633 4827 Solis
653 4756 721 4847 ejus
743 4758 907 4847 cmlirtiei,
930 4781 967 4832 ut
989 4782 1056 4835 arte
1080 4763 1219 4838 humana
1239 4768 1350 4857 excipi
1374 4761 1409 4836 δι
1437 4766 1560 4837 trauan
1585 4762 1704 4858 pollrt,
1728 4763 1792 4837 elle
1818 4764 1956 4837 fascicu-

427 4859 498 4929 lum
524 4852 745 4941 radiolorum,
771 4859 829 4944 qui
849 4856 1010 4933 dllerenti
1033 4859 1285 4960 tefiangibtlitati
1313 4862 1537 4956 subjiciuntur:
1560 4868 1605 4938 ita
1630 4885 1666 4937 ut
1689 4865 1713 4938 fi
1737 4864 1845 4936 radius
1870 4860 1971 4928 Solia·
2121 4908 2125 4920 .

429 4954 506 5052 ΟΕ
539 4949 738 5048 obliqueia
773 4951 940 5032 denfioria
957 4959 1058 5037 medii
1088 4960 1291 5061 superficiem
1325 4960 1437 5041 EFG
1455 4963 1633 5055 inciderit,
1668 4985 1739 5039 noa
1763 4959 1976 5114 tostiuspatffis
