4992 6767
402 669 620 796 ,aar
871 571 1116 742 ‘aa
1271 567 1626 753 anulo,

465 989 470 996 ,
539 900 704 990 lavienfi,
735 883 783 969 est
815 894 911 975 etiun
941 890 1040 984 Aqua
1066 885 1151 961 ditia
1185 886 1523 980 cronebaunrwarer,
1559 881 1652 980 eujus
1679 881 1775 960 limus
1798 860 1939 1019 ,ht-5⁴.
1970 910 2080 989 pm„

542 1054 615 1125 aas
642 1047 742 1147 (a).

543 1239 547 1246 -
592 1193 626 1286 s.
650 1184 978 1265 mccccxxxu.
1004 1184 1086 1256 Sunt
1105 1201 1238 1273 quoque
1260 1178 1354 1252 multi
1375 1177 1486 1252 fontes
1508 1176 1682 1267 calentes,
1707 1200 1858 1275 quorum·
1878 1207 1971 1279 aquae
1991 1187 2079 1261 ther·

543 1294 607 1364 mis
629 1290 785 1364 serviunt:
810 1287 897 1359 haud
920 1284 1019 1356 dubie
1038 1279 1147 1353 calent
1172 1282 1213 1351 ab
1234 1282 1310 1375 igne
1334 1276 1564 1362 subterraneo,
1588 1280 1646 1368 qui
1667 1299 1803 1376 propter
1827 1284 1926 1353 varias
1950 1285 2081 1381 colligi.

544 1393 608 1461 tur'
625 1389 734 1461 causas
757 1437 769 1473 ,
802 1406 876 1477 quae
898 1401 1015 1454 omnes
1038 1398 1139 1449 erutae
1163 1377 1313 1448 nondum
1338 1375 1428 1447 sunt:
1460 1376 1545 1473 ignis
1564 1372 1763 1449 adscendens
1787 1373 1822 1449 dt
1844 1377 2005 1450 solum&
2034 1384 2083 1451 A·

545 1507 643 1578 quam
667 1483 761 1577 super
784 1482 855 1555 solo
879 1479 1034 1552 fluentem
1052 1475 1196 1547 calfacit:
1222 1473 1272 1545 lta
1297 1471 1369 1543 sunt
1395 1472 1502 1563 Aquae
1525 1470 1735 1559 carrenses,
1761 1472 1943 1568 saporis&
1969 1476 2083 1554 odoris

544 1581 743 1676 Sulphurei,
768 1584 837 1652 imo
860 1575 993 1649 orificiis
1014 1594 1107 1666 aquae
1129 1571 1285 1643 duiiuum
1304 1590 1440 1641 verum.
1461 1566 1517 1638 sed
1542 1587 1639 1639 tenue
1659 1568 1803 1664 Sulphur
1811 1573 1988 1652 accrescit:
2014 1571 2082 1646 Ca·

546 1678 617 1751 lent
636 1682 736 1751 etiam
756 1678 863 1769 Aquae
887 1677 920 1745 ln
942 1670 1094 1743 Thermis
1117 1667 1260 1758 Vichy‚
1292 1687 1447 1759 vaporem
1469 1664 1655 1737 exhalantes
1678 1667 1931 1749 bituminosam,
1957 1673 2015 1764 qui
2040 1670 2082 1743 ad

546 1776 751 1847 intervallum
776 1778 872 1846 trium
897 1770 1062 1840 leucarum
1082 1762 1300 1850 diffunditur,
1333 1760 1369 1835 δι
1396 1784 1517 1856 pecora
1537 1760 1659 1834 ailieitr
1695 1764 1753 1838 Cl.
1782 1764 1871 1838 Sone
1895 1770 2084 1840 examinans

547 1872 606 1945 bas
630 1894 757 1964 aquas,
788 1870 910 1941 invenit
934 1864 998 1936 elle
1029 1862 1223 1947 Alcalinas,
1255 1865 1462 1933 continentes
1487 1861 1652 1932 materiam
1681 1860 1925 1960 ferrugineam,
1964 1868 2084 1954 princi·

549 1972 643 2069 pium
676 1965 915 2059 Spirituosum,
947 1967 980 2034 in
1004 1981 1073 2052 quo
1098 1961 1169 2032 hir
1192 1960 1363 2043 abundat,
1399 1978 1468 2029 tunt
1491 1976 1607 2028 terram
1632 1954 1805 2045 subtilem,
1839 1960 1981 2053 junilam
2007 1983 2083 2033 cum

550 2065 631 2137 oleo
654 2065 840 2149 bituminis,
865 2084 939 2153 que
958 2058 1007 2130 eil
1028 2056 1120 2128 causa
1141 2058 1272 2148 Saporis
1296 2077 1336 2125 ex
1360 2076 1472 2128 amaro
1492 2054 1597 2140 acidi,
1631 2056 1840 2138 translatione
1869 2060 1911 2128 ad
1944 2057 2006 2129 alia
2034 2058 2084 2131 lo·

549 2165 812 2331 nihilh
828 2151 1554 2347 laih?,libibinis-,illd
1576 2151 1856 2324 {illidii
1881 2154 2082 2324 lulli·

1465 2300 1476 2334 s
1851 2302 1863 2337 s
2071 2290 2086 2306 ⁵

553 2355 678 2446 mrale,
705 2355 759 2427 Sal
786 2309 955 2437 hilarinus,
981 2349 1034 2421 Sal
1061 2346 1238 2433 Glauberi,
1275 2344 1310 2435 dt
1336 2366 1417 2418 terra
1445 2347 1549 2417 tenuis
1573 2344 1748 2420 absumens
1774 2349 1866 2445 (b).
2006 2349 2009 2360 '
2034 2346 2038 2354 ’
2077 2347 2081 2358 ’

595 2490 634 2588 i.
659 2486 1022 2564 MCCCCXXXlll.
1048 2485 1130 2558 Sunt
1152 2484 1281 2570 fontes,
1307 2505 1446 2574 quorum
1470 2505 1562 2575 aquae
1588 2505 1696 2576 epotae
1727 2488 1862 2575 crines,
1888 2483 2086 2582 capillos&

554 2589 661 2660 lanam
691 2587 757 2659 aiio
778 2588 902 2658 colore
930 2585 1112 2667 inliciunt,
1145 2604 1230 2671 quos
1259 2602 1418 2652 memorat
1447 2580 1640 2651 Aristotcles
1666 2582 1766 2673 (c).
1823 2585 1947 2657 Seneca
1992 2583 2086 2678 (d).

554 2686 681 2766 Plinius
709 2684 790 2778 (a).
823 2682 987 2755 Vitruvius
1015 2680 1102 2774 (f).
1128 2678 1199 2748 Alii
1223 2676 1333 2745 fontes
1363 2680 1427 2745 vim
1449 2694 1639 2745 venenatam
1663 2679 1705 2747 ab
1729 2678 1876 2752 admixto
1905 2680 2084 2774 Anienico,

555 2780 860 2872 hntimonialibus,
886 2776 995 2852 aliisve
1013 2777 1104 2845 terris
1130 2772 1273 2853 habent,
1298 2769 1395 2842 veluti
1411 2771 1496 2844 circa
1519 2767 1689 2843 Nonacria
1713 2773 1747 2842 in
1769 2777 1910 2846 Arcadia
1932 2775 2012 2864 Styx
2027 2795 2087 2869 ap-

602 2874 676 2947 llata
706 2877 748 2947 ab
772 2873 908 2958 incolis,
933 2874 1070 2946 advenas
1094 2866 1190 2954 fallit,
1216 2870 1292 2958 quia
1317 2889 1385 2938 non
1404 2865 1507 2952 facie,
1530 2888 1608 2939 non
1625 2866 1730 2940 odore
1752 2866 1897 2962 suspecta·
1913 2870 1980 2955 est,
2005 2894 2087 2961 qua·

571 2971 696 3044 iasunt
722 2991 914 3065 magnorum
933 2966 1095 3040 artificum
1120 2985 1271 3049 venena,
1305 2986 1378 3054 quae
1409 2962 1608 3055 deprehendi
1631 2962 1689 3036 nili
1713 2985 1826 3038 morte
1847 2990 1916 3048 non
1943 2965 2107 3059 poliunt·

555 3067 617 3148 Est
639 3086 774 3158 quoque
794 3067 892 3135 noxia
914 3084 997 3153 aqua
1021 3065 1054 3131 in
1078 3057 1238 3130 Thellalia
1262 3062 1348 3130 circa
1365 3057 1515 3154 Tempe,
1541 3081 1577 3131 ut
1602 3056 1638 3132 Sc
1661 3059 1736 3148 fons
1760 3066 1934 3156 neptunius
1953 3065 1986 3135 iu
2003 3055 2087 3137 Ter·

556 3163 691 3246 ¹racina,
713 3163 747 3232 in
767 3157 878 3232 Sicilia
903 3179 987 3245 aqua
1017 3155 1163 3228 Palicani
1193 3153 1313 3240 fontis3
1348 3176 1416 3227 tum
1441 3155 1601 3248 Sepufio,
1635 3159 1691 3248 qui
1726 3155 1802 3231 fluit
1829 3182 1870 3232 ex
1897 3160 2087 3252 Carpatho,

558 3254 596 3331 dr
621 3258 781 3351 originem
805 3254 860 3325 dat
882 3251 1035 3323 Vistula:
1074 3272 1144 3325 tum
1170 3273 1254 3341 aqua
1285 3252 1406 3330 scrobis
1435 3252 1476 3323 ad
1501 3255 1608 3325 vicum
1642 3253 1747 3327 Ribar
1769 3258 1803 3327 in
1826 3257 1995 3331 Comitatu
2018 3257 2087 3332 Zo.

558 3347 650 3434 liensr
675 3350 768 3449 (g).
825 3349 864 3422 ln
892 3350 1053 3422 Americae
1084 3346 1255 3423 Provincia
1288 3346 1484 3422 Guatimalia
1512 3349 1598 3442 jacet
1627 3374 1731 3449 pagus
1767 3354 1924 3450 Sacapula
1957 3355 2087 3444 didius,

561 3448 669 3528 fluvio
690 3449 847 3543 irriguus,
872 3444 962 3539 cujus
987 3465 1069 3536 aqua
1093 3443 1204 3517 nivalis
1234 3444 1350 3542 frigida
1363 3467 1454 3540 'pota
1474 3467 1587 3543 guttur
1608 3447 1734 3521 infestat
1759 3447 1933 3530 &vicinas
1953 3474 2088 3538 amnes,

561 3542 741 3636 scrophulis
764 3564 909 3615 mentum
928 3564 1031 3633 usque
1055 3541 1095 3611 ad
1113 3542 1224 3632 pectus
1245 3535 1473 3615 oblidentibu's¹
1497 3544 1563 3640 (b)
1586 3545 1697 3619 Simile
1714 3548 1795 3639 quid
1813 3552 1845 3621 in
1863 3551 1980 3622 incolis
2004 3571 2088 3621 non·

561 3640 660 3718 nullis
679 3640 808 3732 Alpicis
833 3636 869 3714 ἃ
892 3638 1151 3729 Transpadanis,
1176 3637 1361 3709 observatur
1381 3641 1526 3712 tradente
1549 3641 1657 3716 Caelio
1683 3643 1728 3739 (i
1736 3646 1757 3739 )
1784 3644 1876 3739 supra
1894 3634 2087 3739 Juvavrun3

561 3757 632 3815 tum
656 3741 690 3810 in
711 3736 834 3809 Cillera
849 3734 884 3814 dt
898 3737 1043 3807 Sundera
1064 3734 1145 3806 valle
1155 3783 1176 3829 ,U
1194 3755 1230 3804 ut
1243 3732 1278 3804 dt
1297 3739 1330 3806 in
1359 3734 1537 3827 Hispanii,
1563 3743 1597 3811 in
1622 3762 1657 3810 re
1703 3762 1726 3811 ο
1751 3739 1940 3827 Granadae,
1966 3739 2088 3814 &Ero
2130 3765 2134 3770 ·

564 3835 755 3910 tremadurae
777 3854 883 3925 prope
911 3853 1063 3902 montes:
1103 3828 1259 3924 Quorum
1285 3830 1401 3900 incolae
1431 3853 1582 3904 curantur
1615 3837 1656 3904 ab
1682 3838 1806 3907 inendo
1833 3861 1852 3908 a
1877 3859 1957 3927 potu
1980 3840 2096 3920 nivalis¹

566 3935 681 4025 nquae
708 3929 793 4025 (k).
844 3931 928 4001 Aliae
943 3950 1035 4021 aquae
1059 3950 1169 4020 potae,
1196 3927 1347 3998 denibus
1369 3928 1448 3997 mire
1472 3930 1630 4016 inimica,
1655 3950 1713 4001 eos
1729 3929 1917 4005 hominibus
1939 3933 2090 4004 vacillan-

2038 4050 2087 4102 tes

564 4236 614 4274 ‘··
646 4233 709 4313 (el
728 4233 833 4301 Philus
859 4235 1007 4298 Transau.
1028 4235 1099 4296 Vol.
1122 4252 1169 4309 49.
1196 4245 1274 4310 part.
1295 4250 1323 4295 a.
1347 4250 1412 4311 pag.
1434 4230 1504 4310 648.

642 4320 703 4395 (lr)
724 4316 891 4377 L'ilistoire
914 4315 950 4373 de
974 4315 1130 4380 l'ricadem.
1152 4318 1230 4390 Roy.
1251 4314 1307 4375 Ar.
1333 4329 1418 4391 1153·

641 4397 701 4472 (a)
721 4394 833 4456 Histoi.
857 4392 981 4452 Animal.
1005 4392 1071 4452 Lib.
1094 4407 1120 4465 a.

642 4474 682 4548 (d
721 4476 831 4536 Seneca
853 4472 919 4530 Lib.
946 4490 973 4550 3.
996 4474 1065 4545 Cap.
1089 4487 1137 4544 ας.

644 4485 703 4624 (ai
722 4553 787 4611 bib.
811 4565 839 4609 a.
859 4549 930 4625 Cap.
955 4565 1020 4623 ¹03·
1043 4550 1108 4610 Lib.
1133 4563 1181 4621 3¹·
1204 4546 1274 4624 Cap.
1296 4564 1325 4610 a.

642 4628 700 4705 (f)
720 4630 827 4691 Liba
859 4627 930 4704 Cap.
953 4642 980 4700 3.

643 4712 658 4781 (
696 4705 828 4784 >Bellus
849 4705 975 4782 Hungar.
997 4708 1064 4767 Lib.
1086 4720 1115 4778 ³·
1137 4704 1209 4781 erp,
1231 4721 1257 4775 4
1279 4718 1346 4781 pag.
1372 4710 1439 4767 126.

584 4839 593 4855 ,
637 4724 701 4859 ά)
722 4787 803 4862 Gage
824 4782 955 4845 itinerar.
977 4785 1042 4845 bib.
1062 4801 1089 4844 2.
1113 4782 1185 4856 cap.
1209 4798 1258 4842 20.

572 4856 584 4884 ‘
644 4863 703 4941 (i)
723 4863 770 4924 De
792 4861 984 4923 Mineralibus
1004 4864 1071 4923 Lib.
1092 4877 1118 4922 r.
1143 4861 1212 4937 Cap.
1232 4865 1262 4921 6.
1285 4860 1359 4924 Seu.
1386 4876 1433 4922 aa.

644 4943 705 5023 (a)
723 4943 810 5005 barra
830 4941 964 5034 bfurage
983 4944 1020 5004 de
1040 4940 1069 5002 la
1086 4939 1187 5006 auce.
1224 4934 1342 5015 Journal
1369 4938 1421 5002 dea
1446 4939 1571 5006 surana
1587 4937 1645 5028 df.
1668 4944 1760 5026 ‚norb
1781 4957 1848 5028 pag.
1871 4958 1939 5022 an.
