4992 6767
731 1334 1073 1423 CAPUT
1162 1327 1895 1422 TRIGESIMUM.

921 1623 988 1713 De
1018 1625 1245 1739 Corporibus
1274 1586 1420 1707 uocem.
1445 1619 1688 1710 Bibentiiur.

544 1936 577 2035 ς.
602 1928 929 2009 MDCLXXXVII.
1052 1931 1179 2005 uaedam
1204 1951 1344 2023 corpora
1367 1926 1595 2000 tantummodo
1620 1925 1677 1999 sub
1700 1925 1900 2021 diopolita,
1924 1933 1987 2008 live
2002 1957 2072 2010 car..

527 2101 531 2110 .
1077 2031 1112 2102 lo
1133 2029 1273 2114 sereno,
1300 2028 1362 2099 five
1387 2025 1527 2110 nubilo,
1543 2024 1659 2114 ⁸lucem
1680 2025 1826 2100 diurnum
1850 2029 1994 2118 bibunt,
2016 2057 2065 2108 at.

528 2207 531 2216 ,
1080 2149 1146 2219 que
1177 2130 1212 2196 in
1243 2126 1383 2195 tenebris
1412 2121 1517 2194 delata
1547 2121 1678 2194 lucent:
1712 2122 1773 2195 alia
1807 2124 1895 2198 idern
1921 2130 2064 2206 efficiunt

526 2216 646 2323 'polita
666 2228 722 2299 sub
744 2230 855 2314 vitris,
880 2226 940 2297 alia
955 2225 1074 2296 etiamfi
1093 2225 1149 2295 sub
1170 2224 1290 2312 Aqua,
1316 2219 1435 2306 Lade,
1459 2241 1515 2290 aut
1539 2220 1647 2290 Aceto
1669 2220 1822 2313 jacentia:
1849 2221 2018 2300 Nonnulla
2041 2251 2061 2301 a

519 2326 628 2412 ‚Solis
650 2324 746 2394 radiis
770 2325 840 2394 sunt
864 2321 1066 2406 illustranda,
1091 2342 1127 2391 ut
1147 2319 1254 2389 lucem
1272 2335 1388 2410 potent
1412 2318 1625 2406 niteantque:
1642 2317 1717 2389 Alia
1740 2318 1843 2392 modo
1867 2320 1993 2396 Lucem
2011 2347 2069 2400 se·

518 2426 666 2515 .cipiunt
689 2420 940 2512 splendensque,
966 2420 1137 2511 postquam
1158 2419 1192 2486 in
1214 2416 1294 2486 foco
1314 2416 1386 2486 vitri
1410 2413 1521 2486 ullorii
1542 2411 1721 2504 jacuerunt.

589 2543 621 2633 5.
647 2538 992 2612 MDCLXXXVlll.
1018 2539 1140 2611 Omnia
1170 2539 1341 2609 moderato
1363 2540 1441 2632 igne
1470 2534 1622 2607 calefacta
1644 2535 1752 2609 lucem
1776 2536 1905 2612 facilius·
1922 2563 2067 2634 potant,

537 2639 574 2711 dt
604 2638 800 2729 splendidius
827 2641 860 2707 in
892 2639 931 2707 iis
963 2639 1108 2728 partibus
1130 2635 1286 2729 fulgent,
1320 2655 1393 2724 quae
1416 2636 1485 2730 igni
1509 2634 1664 2723 expolite
1689 2632 1830 2708 fuerunt.
1880 2637 1929 2708 lta
1953 2639 2062 2715 lucem

535 2739 652 2807 bibunt
676 2755 773 2824 atque
796 2737 831 2803 in
853 2735 994 2803 tenebris
1015 2733 1140 2828 fulgent
1164 2753 1205 2801 ex
1230 2730 1354 2826 Regno
1379 2727 1528 2822 lapideo
1551 2748 1666 2802 ornnes
1690 2729 1801 2803 Terrae
1825 2728 1971 2822 auoit,
1997 2760 2056 2810 cu-

517 2832 714 2925 ·juscunque
742 2829 863 2901 luerint
893 2829 1044 2914 coloris,
1077 2831 1255 2920 nequidem
1285 2829 1389 2899 rubris
1422 2830 1563 2920 nigrisve
1587 2830 1758 2918 exceptis:
1792 2827 1918 2900 Omnes
1940 2835 2056 2905 cruilae

531 2929 672 3000 fontium
704 2925 870 2997 canalibus
900 2926 1088 2998 intrinsecus
1115 2945 1361 2996 accrescentes:
1395 2924 1522 2996 Omnes
1550 2946 1656 2996 arena:
1687 2941 1851 3015 utcunque
1874 2925 2051 3000 colorata:

518 3022 1147 3213 :?,s¹]⁰5„³{,-⁰g,¹¹‚⁵l,l}g;¹¹,2¹1⁸q,ffil⁰gj
1170 3020 1698 3211 ellinici*‘anili
1707 3019 2060 3206 ‘cillll’lllll

517 3215 570 3289 ,ἀ
591 3217 803 3301 Yllandicae,
836 3216 936 3307 Lapis
959 3217 1188 3300 calummaris,
1217 3216 1445 3297 Belenmites,
1482 3213 1666 3306 nerones,
1700 3212 1905 3302 Dendrites,
1937 3219 2052 3309 Silex,

531 3314 706 3411 Magnes,
730 3313 928 3408 lllagnefia,
955 3314 1094 3395 Smiris,
1127 3311 1347 3392 Humatites,
1373 3311 1500 3382 Omnes
1526 3310 1677 3382 Gemma*
1702 3309 1899 3403 pellucidae:
1924 3315 2051 3393 Omnes

530 3410 832 3485 Fluores:··Omnia
854 3407 1009 3504 Quarza:
1030 3410 1151 3480 Omnia
1174 3429 1301 3504 genera.
1317 3407 1437 3479 Salium
1464 3409 1680 3489 naturalium:
1716 3408 1844 3482 Omnes
1868 3412 1953 3496 succi
1977 3419 2050 3507 pin-

529 3532 633 3606 gues,
660 3510 855 3591 Succinum,
881 3501 1351 3601 Sulphur,'nunprgmentum
1377 3505 1497 3589 follile,
1522 3507 1714 3576 Arsenicum
1739 3507 1868 3580 album:
1894 3530 1963 3583 tum
1988 3511 2049 3585 Pe·

517 3606 684 3694 tressera,
710 3611 756 3677 uti
781 3604 999 3695 Glollopetrae
1021 3601 1165 3676 &testae
1192 3602 1377 3674 animalium
1400 3606 1597 3676 marinorum
1620 3623 1664 3674 ea
1687 3602 1796 3678 Terra.
1813 3603 1931 3695 folsae,
1954 3607 2055 3686 Ebur·

515 3705 645 3776 suffire:
671 3705 799 3775 tandem
824 3702 943 3793 Tutia,
971 3725 1035 3793 qua
1057 3721 1148 3793 parte
1168 3701 1215 3772 est
1230 3700 1350 3792 aspera.

578 3827 608 3921 q.
633 3823 945 3897 lllDCLXXXlX.
970 3825 1092 3899 Verum
1121 3850 1261 3920 corpora
1280 3827 1423 3919 ejusdem
1442 3834 1570 3926 generis
1589 3837 1827 3926 esqualitate,
1853 3859 1916 3928 qua
1939 3838 2046 3916 lucem

522 3924 687 3994 imbibunt
710 3922 762 3993 vel
784 3921 957 4013 respuunt,
981 3924 1158 3996 admodum
1183 3927 1323 3997 intense
1348 3926 1520 3998 differunt:
1546 3928 1710 4003 Nonnulli
1725 3936 1922 4004 Adamantes
1936 3937 2044 4011 lucem

525 4040 690 4112 receptam
713 4019 838 4090 fidelius
860 4020 1067 4105 custodiunt,
1091 4024 1143 4093 alii
1165 4043 1236 4093 eum
1260 4023 1407 4094 celeriter
1431 4025 1588 4117 perdunt:
1613 4029 1682 4100 Alii
1705 4031 1724 4100 ai
1751 4029 1836 4099 Solis
1855 4027 1951 4096 radiis
1966 4031 2042 4117 plus

512 4122 655 4202 ¹nitent,
686 4140 782 4210 quam
806 4139 825 4187 a
848 4117 914 4188 sola
938 4118 1104 4189 serenitate
1126 4120 1223 4190 caeli:
1257 4120 1323 4192 Alii
1350 4142 1426 4191 cum
1460 4123 1500 4192 ab
1535 4123 1631 4196 Adsis
1657 4127 1776 4195 lumine
1801 4122 1967 4214 aqualiter
1992 4131 2043 4197 ni·

524 4212 675 4300 tuillent,
702 4219 733 4285 in
758 4214 824 4285 sole
844 4216 962 4286 deinde
983 4216 1077 4307 politi
1100 4238 1167 4288 non
1191 4219 1356 4309 aequaliter
1377 4221 1567 4304 nituerunt,
1591 4225 1683 4312 isque
1702 4221 1820 4290 diutins
1841 4267 1852 4302 ,
1875 4219 1967 4309 cujus
1993 4229 2045 4296 ni·

520 4330 573 4381 tor
596 4310 656 4382 suit
677 4313 839 4383 debilior:
873 4313 996 4385 Alii-in
1019 4312 1098 4385 foco
1119 4312 1202 4385 Vitri
1232 4311 1361 4387 Ustorii
1388 4316 1463 4407 plus
1494 4318 1577 4388 lucis
1599 4315 1847 4407 ablb'rplenmt,
1880 4336 1978 4406 quum
2004 4325 2039 4395 in

520 4409 590 4477 aliis
615 4410 917 4499 periclitationibus:
942 4411 1009 4482 Alii
1034 4415 1066 4482 in
1088 4411 1166 4483 foco
1188 4412 1298 4485 ullorii
1324 4437 1391 4488 non
1416 4414 1490 4503 plus
1513 4414 1829 4500 lucisimbiberunt,
1854 4434 1952 4503 quam
1970 4436 2040 4489 tun·

507 4524 589 4608 mam
611 4507 753 4596 jacentes
774 4511 813 4579 in
835 4506 921 4578 Solia
944 4508 1062 4599 mdiis,
1086 4510 1155 4581 imo
1179 4512 1329 4584 nonnulli
1353 4515 1459 4584 minus
1483 4511 1674 4580 nituerunt:
1696 4510 1765 4582 Alii
1788 4513 1830 4583 ab
1854 4511 1943 4582 :lire
1968 4512 2049 4587 solu-

519 4602 594 4692 plns
614 4604 694 4675 lucis
718 4626 906 4692 traxerunt,
933 4628 1029 4696 quarn
1051 4628 1069 4675 a
1092 4605 1198 4695 locu,
1225 4606 1395 4682 &diutius
1418 4609 1599 4678 nituerunt-r
1624 4607 1691 4679 Alii
1719 4611 1754 4680 in
1778 4609 1856 4681 foco
1880 4631 1949 4679 non
1975 4634 2037 4701 po·

520 4719 589 4768 tant
612 4698 739 4789 lucem,
765 4704 884 4778 etiamst
905 4704 1112 4788 vehementer
1131 4706 1343 4779 incalescant:
1372 4705 1484 4794 Aliqui
1509 4703 1709 4776 Adamantes
1733 4708 1789 4777 virt
1811 4710 1866 4779 vix
1890 4712 1925 4779 in
1949 4708 2043 4782 Solis-

518 4796 614 4866 rudiis
639 4805 752 4888 pofiti,
778 4823 912 4873 omnem
936 4823 1033 4891 quam
1058 4801 1188 4893 poliunt
1208 4804 1289 4876 lucis
1310 4808 1441 4898 copiam
1464 4801 1631 4892 extemplo
1657 4804 1850 4891 imbibunt,
1875 4825 2035 4877 nec-mo·

410 4922 412 4927 ·
517 4915 551 4962 ra
575 4897 607 4963 in
630 4896 708 4967 Sole
734 4898 885 4967 diuturna
911 4899 1049 4967 nitorem
1074 4901 1194 4997 au'get:
1228 4901 1296 4972 Alli
1329 4903 1449 4975 diutius
1472 4903 1506 4972 in
1531 4899 1609 4972 Sole
1633 4902 1729 4993 positi
1753 4903 1906 4973 amittunt
1922 4907 2033 4993 potita

516 4989 665 5065 nonnihil
692 4996 823 5068 nitoris:
848 4991 1042 5076 Videturin
1065 5000 1220 5076 munibus
1244 4996 1286 5070 id'
1302 5001 1453 5076 constans
1475 4996 1568 5091 elle,
1592 5018 1628 5075 ut
1652 5001 1710 5076 ubi
1732 4998 1775 5075 ad
1798 5017 1923 5078 certum
1946 5003 2035 5114 nito·
