4992 6767
1651 589 1859 740 “to

317 971 1860 1086 mmbbmfflmmwfflm

459 1341 744 1433 CAPUT
812 1342 1322 1437 VIGESIMUM
1388 1341 1717 1435 NoNuhu
1845 1455 1849 1460 1

667 1693 731 1780 De
758 1695 1064 1808 Prprietanbus
1093 1620 1214 1785 Latis
1246 1693 1511 1782 Generosius.
1663 1763 1669 1774 ,

323 2047 355 2147 5.
381 2044 604 2122 Mncuxv.
729 2049 864 2143 uidquid
887 2051 1042 2125 efficitur
1064 2048 1280 2124 mediantibus
1305 2048 1415 2121 oculis
1441 2045 1580 2122 Animus
1603 2042 1741 2132 ndeat,
1770 2041 1850 2118 Lux

631 2056 807 2279 Qest.
865 2148 941 2222 Lux
972 2149 1025 2220 vel
1054 2151 1175 2220 dircite
1196 2170 1215 2217 e
1240 2168 1383 2235 corpore
1415 2145 1545 2216 lucente
1576 2143 1685 2215 emissa
1702 2193 1718 2228 ‚-
1748 2142 1850 2216 veih

757 2250 952 2336 corporibus
976 2246 1161 2315 illuminatis
1186 2241 1332 2324 reflexa,
1357 2260 1413 2309 aut
1437 2245 1471 2310 in
1488 2242 1616 2310 transitu
1630 2261 1689 2330 per
1705 2239 1852 2309 medium

320 2342 453 2437 aliquod
480 2341 645 2424 miralia,
671 2339 786 2409 oculos
815 2342 1020 2434 ingreditur:
1054 2338 1131 2430 Ope
1152 2338 1234 2408 lucis
1266 2335 1413 2408 videmus
1437 2337 1563 2430 obietia
1586 2335 1755 2419 lucentia,
1788 2336 1851 2405 ob-

320 2441 405 2534 jecit
420 2439 668 2517 nonlucentia‚
693 2431 938 2528 Quantitatem,
965 2434 1118 2522 Mettus,
1142 2434 1317 2530 Figuram,
1343 2433 1617 2518 Pulcritudinem,
1642 2430 1854 2517 Numerum,

322 2539 557 2628 Asprenatem,
583 2530 786 2615 Politutam‚
812 2531 961 2613 Locum,
986 2532 1112 2616 Situm,
1136 2530 1361 2616 Druantiam,
1387 2530 1615 2614 Continuam,
1641 2529 1848 2621 Septimum,

325 2631 491 2713 Motum,
516 2624 706 2720 Quietem,
733 2622 768 2696 bt
793 2627 947 2702 Colores.
995 2626 1088 2699 Luce
1109 2627 1239 2697 absente
1265 2631 1380 2695 horum
1407 2630 1553 2698 onmium
1578 2626 1659 2697 nihil
1683 2627 1854 2712 videmus,

327 2728 383 2797 sed
409 2728 442 2795 in
466 2728 563 2793 meris
586 2720 746 2793 versamur
769 2726 931 2808 tenebris,
956 2744 1065 2813 neque
1084 2723 1257 2794 oculorum
1282 2720 1365 2791 ullus
1390 2723 1436 2792 est
1460 2724 1550 2792 usus:
1576 2721 1625 2792 Ut
1648 2743 1757 2792 autem
1781 2743 1851 2794 me·

325 2819 670 2905 motatavideamus,
695 2839 829 2907 oportet
850 2840 886 2890 ut
911 2820 1027 2890 oculus
1049 2819 1184 2890 notabili
1208 2818 1376 2890 intervallo
1401 2820 1446 2889 ab
1468 2818 1603 2911 objetiis
1628 2817 1733 2888 distet

379 2977 410 3076 ς.
444 2972 685 3047 MDCLXVI.
724 2975 869 3047 Scintilla
891 2975 1004 3047 lucens
1025 2979 1157 3047 minima
1178 2978 1213 3044 in
1237 2974 1327 3044 Aire
1350 2977 1515 3065 excitata,
1549 2980 1586 3047 in
1609 2978 1700 3046 omni
1724 2980 1855 3067 punslo

324 3075 502 3168 superficiei
527 3072 658 3163 sphaerae
681 3073 825 3164 conspici
849 3072 984 3164 potest,
1017 3071 1110 3163 cujus
1132 3090 1284 3141 centrum
1305 3071 1439 3142 scintilla
1463 3092 1628 3162 occupat:
1659 3076 1744 3142 inter
1767 3072 1850 3144 scin·

325 3175 425 3244 tillem
450 3168 485 3242 bt
508 3170 640 3240 oculum
658 3171 691 3237 in
714 3170 800 3242 linea
823 3172 909 3241 reela
935 3189 1045 3260 opaco
1066 3166 1258 3258 interposito
1279 3167 1378 3236 obice
1402 3167 1459 3237 lux
1485 3190 1553 3239 non
1578 3168 1722 3239 videturt
1747 3168 1850 3240 adeo·

326 3292 390 3361 que
409 3267 606 3359 conspicitur
629 3264 716 3357 quau
743 3270 777 3341 in
798 3268 933 3340 rediise
957 3284 1074 3337 centro
1098 3264 1228 3355 sphaerte
1252 3261 1294 3333 ad
1318 3282 1421 3334 totam
1444 3264 1646 3355 superficiem
1670 3264 1800 3335 amillio.

373 3422 403 3520 ς.
428 3422 686 3495 MDCLXVII.
711 3423 808 3499 Hanc
833 3426 879 3496 ob
901 3425 1027 3496 causam
1054 3423 1246 3515 Philosophi
1268 3422 1378 3492 lucem
1402 3425 1436 3492 in
1460 3425 1554 3494 retiis
1578 3423 1672 3497 lineis
1686 3422 1846 3518 datum,

327 3524 452 3598 Rodios
480 3524 580 3595 Lucis
607 3543 776 3592 vocarunt.

352 3668 354 3672 ’
387 3680 419 3778 5.
453 3675 728 3758 MDCLXVlll.
760 3676 889 3749 Horum
915 3677 1076 3748 radiorum
1102 3675 1256 3748 subtilitas
1277 3680 1392 3772 ingens
1414 3643 1480 3765 est',
1503 3697 1621 3767 quanto
1645 3701 1687 3750 ne
1711 3684 1850 3778 cogitati

327 3780 463 3872 quidem
488 3773 609 3867 possit,
640 3772 674 3845 ἃ
697 3777 790 3847 lineis
818 3773 1037 3846 Geometricis
1058 3772 1125 3843 fere
1150 3773 1291 3861 aemula;
1323 3774 1364 3843 ab
1390 3772 1440 3843 his
1464 3772 1572 3846 differt
1598 3796 1735 3866 tamen,
1769 3801 1850 3854 curn
1988 3811 1991 3816 ·

326 3877 402 3948 Lux
421 3876 458 3944 lit
478 3889 646 3961 corporea.

377 3972 411 4043 Si
434 3971 522 4040 enim
548 3967 664 4038 chartae
692 3967 847 4040 inflisium
862 3988 921 4038 acu
937 3970 1089 4063 exiguum
1102 3966 1248 4037 foramen
1273 3967 1389 4050 suerit,
1414 3984 1473 4057 per
1497 3969 1531 4037 id
1555 3973 1727 4045 immotum
1743 3973 1846 4067 Spec·

329 4089 413 4140 tator
436 4066 566 4157 supinus
592 4068 701 4136 onmia
725 4067 851 4158 objesia
869 4067 903 4134 in
924 4062 1153 4153 hemispherio
1177 4064 1294 4133 celeiii
1318 4063 1463 4135 videbit:
1487 4062 1625 4135 urenus
1648 4090 1757 4139 autem
1779 4093 1845 4143 caeb

330 4168 352 4236 li
370 4182 648 4255 quartampartem
665 4184 819 4237 unacum
842 4163 994 4232 omnibus
1012 4164 1044 4230 in
1065 4160 1155 4250 solo,
1183 4161 1295 4231 sivein
1319 4160 1490 4230 horizonte
1511 4157 1711 4250 jacentibus,
1735 4185 1790 4234 aut
1813 4170 1848 4236 ei

331 4262 541 4333 insistentibus
562 4277 636 4329 ante
664 4259 693 4329 se
721 4259 915 4350 corporibus
937 4256 1113 4347 adspiciet:
1139 4257 1224 4327 adeo
1249 4277 1285 4326 ut
1309 4258 1476 4327 innumera
1501 4255 1666 4329 radiorum
1691 4260 1709 4328 l
1732 4261 1847 4334 lucen·

332 4360 414 4431 tibus
440 4356 654 4442 emissorum,
678 4358 730 4428 vel
757 4360 798 4427 ab
822 4354 957 4448 objeliis
979 4355 1090 4444 opacis
1114 4355 1393 4424 reverberatorum
1416 4352 1619 4439 multitudo,
1644 4354 1852 4431 exililhmunr

331 4455 481 4527 transiens
513 4453 690 4539 foramen,
728 4453 930 4525 subtilitatem
955 4450 1129 4535 ostendat,
1161 4473 1259 4543 quam
1289 4449 1411 4541 assequi
1442 4453 1528 4522 acies
1558 4453 1681 4549 ingenii
1712 4454 1847 4529 humaui

329 4575 398 4628 uon
418 4549 523 4641 positt.
571 4548 659 4620 Natu
682 4572 842 4641 ponamus
865 4547 1126 4639 hemisphaerium
1149 4548 1220 4619 caeli
1241 4548 1452 4640 conspicuum
1478 4546 1541 4618 elle
1564 4549 1661 4622 stellis
1684 4551 1847 4643 plenum,

330 4648 366 4716 bt
394 4644 566 4734 cujuslibet
586 4647 775 4717 diameuum
798 4667 1005 4737 apparentem
1024 4643 1087 4716 esse
1117 4667 1147 4716 1.
1172 4648 1237 4717 ms.
1263 4650 1322 4719 etit
1346 4647 1414 4741 ejus
1437 4667 1531 4733 area,
1553 4649 1842 4741 capiendonume·

328 4814 399 4867 tum
419 4788 613 4882 rotundum,
641 4769 1073 4929 m.
1097 4794 1161 4871 live
1180 4794 1391 4871 billionefima
1413 4817 1490 4891 para
1509 4817 1611 4888 aree,
1635 4820 1710 4895 quo
1723 4802 1848 4883 tumis-j

1711 4943 1717 4948 ’
1750 4946 1844 5043 eho,
1895 5021 1926 5039 λ,
