4992 6767
555 703 644 810 tou
828 681 1821 788 ,nuuucunnunnctn

557 889 592 960 in
616 908 720 960 vacuo
746 886 931 962 oscillanti?
957 888 1056 979 idque
1080 883 1216 958 celerius
1237 887 1278 957 ed
1303 886 1443 976 quietem
1469 877 1609 977 adiget?
1635 895 1776 950 attamen
1800 883 2002 957 eontrarium
2026 909 2085 984 pu.

560 1005 631 1071 tet,
665 987 810 1078 pendulo
832 986 935 1058 multo
955 986 1075 1055 diutius
1099 986 1132 1052 in
1155 1006 1258 1056 vacuo
1284 982 1447 1054 os'ciliante
1480 1001 1576 1071 quam
1608 980 1641 1047 in
1668 979 1771 1050 A‘e're.
1823 995 1876 1047 α’.
1901 977 2084 1085 Horologii

558 1103 663 1155 vacuo
683 1085 792 1156 melun
815 1084 992 1177 pendulum
1013 1085 1046 1155 in
1069 1083 1204 1174 majores
1225 1083 1364 1152 excurrit
1389 1100 1511 1161 arcus,
1538 1078 1613 1167 quio
1637 1077 1744 1147 minus
1769 1072 1949 1150 resistentie
1972 1083 2083 1160 offen-

558 1179 617 1252 dit.
667 1202 718 1274 3⁰.
744 1181 829 1252 Necv
848 1203 984 1253 vacuum
1003 1180 1076 1272 plus
1097 1180 1180 1249 calet
1204 1182 1297 1261 edre,
1322 1177 1481 1267 probante
1506 1174 1772 1248 Thermometro.

431 1288 509 1366 Trb.
605 1303 637 1401 5
663 1303 907 1377 MDCCXIX.
936 1303 1034 1373 Clare
1059 1304 1154 1371 etiarn
1177 1301 1258 1371 lucis
1283 1298 1423 1372 inflexio
1447 1299 1572 1394 odiendi
1598 1298 1728 1389 potest,
1761 1322 1837 1372 cum
1862 1302 1966 1376 radius
1990 1310 2084 1388 Solis

433 1383 624 1472 ,xvaRS
646 1404 792 1500 dirigitur
815 1406 846 1472 in
872 1401 997 1471 thecam
1022 1399 1198 1493 oblongam
1220 1397 1309 1485 ΑΒ,
1336 1419 1428 1488 aquae
1454 1397 1603 1487 plenam,
1630 1396 1721 1486 cujus
1745 1397 1835 1470 soteri
1866 1399 1942 1474 ΑΗ
1965 1406 2080 1484 insidet

404 1458 527 1539 ΜΝ·
557 1501 672 1571 vitrum
693 1520 901 1586 convexum,
927 1497 966 1568 S:
991 1495 1126 1587 quando
1147 1496 1254 1566 radius
1276 1516 1335 1586 per
1357 1497 1475 1566 vitrum
1500 1495 1648 1588 dirigitur
1673 1492 1789 1565 sursum
1815 1497 1856 1566 ad
1881 1497 1943 1582 C,
1968 1523 2003 1573 ut
2025 1509 2081 1578 ad.

555 1599 691 1666 modum
721 1596 855 1687 oblique
879 1616 920 1664 ex
944 1595 1041 1684 Aqua
1066 1595 1374 1675 interemerint,
1399 1595 1440 1660 ab
1468 1593 1564 1681 Aqua
1589 1595 1621 1663 in
1648 1588 1679 1659 C
1704 1590 1873 1665 manifesto
1896 1605 2081 1676 retrotrahp.

556 1712 630 1775 tur,
654 1691 803 1763 deorsum
822 1692 863 1763 ad
887 1693 989 1763 thecae
1010 1691 1164 1775 fundum,
1186 1711 1241 1760 aut
1265 1691 1306 1760 nd
1320 1691 1401 1762 lotus
1418 1686 1482 1759 BL
1507 1691 1542 1761 in
1566 1685 1601 1758 D
1624 1687 1788 1784 dirigitur,
1813 1712 1876 1763 nec
1899 1698 1934 1765 in
1956 1697 2081 1776 Aerem

554 1791 645 1877 exit,
667 1794 714 1860 uti
736 1794 769 1861 in
792 1791 857 1860 hoc
882 1790 1052 1860 Schemate
1077 1787 1330 1879 representatur.

604 1920 636 2017 s.
663 1917 892 1994 ntDccxx.
918 1917 970 1989 Ex
992 1919 1081 1990 hisce
1105 1917 1273 1988 manisesto
1294 1917 1456 2008 sequitur,
1482 1913 1707 1985 restat'iionem
1734 1914 1816 1987 lucis
1843 1919 1863 1990 ἃ
1890 1923 2010 1995 viribus
2033 1946 2084 1999 etb

555 2019 754 2090 trahentibus
780 2019 969 2090 Mediorum
995 2016 1163 2106 pendere:
1189 2037 1262 2105 quae
1286 2018 1368 2084 vires
1393 2014 1464 2083 sunt
1490 2013 1681 2103 plerumque
1706 2015 1737 2081 in
1760 2019 1978 2105 proportione
2002 2022 2081 2094 den·

554 2115 698 2202 statum,
724 2117 868 2206 exceptis
890 2114 1056 2184 nonnullis
1084 2115 1277 2202 corporibus
1298 2110 1415 2182 oleosrs
1438 2107 1472 2180 bt
1496 2108 1797 2194 inflammabisibus,
1822 2135 1895 2202 quae
1918 2117 1952 2184 in
1969 2118 2082 2190 aitiori

554 2216 678 2284 tatione
701 2214 857 2295 trahunt,
895 2209 1170 2301 quemadmodum
1195 2207 1384 2279 Newtonus
1420 2207 1527 2299 (a),
1563 2204 1767 2296 Hauksbejus
1790 2207 1898 2302 (b),
1933 2208 2078 2284 Hesssra.

554 2330 629 2380 mus
654 2311 760 2403 (c),
794 2308 939 2398 plurimis
970 2308 1197 2395 experimentis
1220 2309 1408 2375 evicerunt:
1440 2304 1517 2373 Oiei
1548 2307 1633 2373 enim
1659 2301 1754 2374 Cere
1774 2303 1916 2378 leuissimi
1938 2311 2076 2397 pondus

553 2406 600 2474 est
625 2408 770 2496 respectu
796 2405 909 2493 Butyri
934 2404 1145 2486 Antimonii,
1179 2404 1226 2472 uti
1253 2403 1336 2472 662.
1370 2401 1410 2470 ad
1445 2401 1563 2492 1976,
1598 2422 1675 2470 cum
1704 2403 1783 2471 ratio
1811 2400 2008 2476 refrostionis
2036 2412 2076 2479 in

551 2521 694 2594 utroque
713 2504 749 2576 srt
771 2502 869 2575 veluti
895 2501 1002 2592 6685.
1026 2500 1067 2570 ad
1092 2519 1221 2591 5951„
1246 2499 1313 2570 hoc
1338 2498 1384 2567 est
1408 2501 1534 2568 circiter
1559 2497 1676 2582 veluti,
1707 2497 1946 2586 1,16,rd1.
1969 2505 2070 2575 adeo·

417 2629 421 2636 ·
554 2621 620 2691 que
645 2623 713 2671 non
736 2601 782 2670 est
805 2598 954 2670 retractio
973 2599 1099 2689 semper
1122 2599 1154 2667 in
1180 2598 1305 2667 ratione
1333 2597 1501 2685 ponderis.

600 2720 632 2816 s.
659 2721 868 2792 MDCCXL
896 2720 1047 2811 Corpora
1069 2741 1142 2811 quae
1168 2719 1279 2789 lumen
1302 2717 1481 2801 attrahunt,
1507 2715 1691 2788 dividuntur
1705 2717 1737 2786 in
1753 2735 1817 2788 tres
1834 2715 1968 2789 dates:
1988 2718 2082 2818 Quae

552 2815 622 2886 sunt
643 2820 678 2888 in
697 2821 799 2909 prima
823 2815 939 2901 classe,
965 2837 1065 2912 egunt
1087 2820 1119 2887 in
1139 2819 1263 2886 ratione
1279 2815 1461 2898 denstntis‚
1486 2815 1582 2885 veluti
1607 2813 1695 2896 Αὲι,
1721 2812 1852 2886 Vitrunr
1879 2837 2079 2903 communev

550 2909 682 2984 Vrtrum
705 2914 911 2997 Antimonii‚
937 2913 1107 2996 selenitis,
1133 2911 1310 3000 Crylinilus
1331 2931 1496 2982 montana.
1545 2908 1633 3004 Quae
1658 2908 1730 2980 sunt
1754 2910 2076 3004 insecutionum,

549 3030 726 3100 operantur
749 3013 854 3082 multo
883 3010 1127 3093 vehementius,
1153 3031 1251 3099 quam
1277 3011 1310 3078 in
1333 3009 1457 3079 ratione
1481 3009 1655 3082 densitatis.
1704 3005 1743 3080 In
1768 3011 1861 3080 tertia
1885 3011 1982 3084 classe
1997 3035 2079 3108 ope·

549 3127 660 3178 rantur
682 3128 828 3198 corpora
847 3110 881 3177 in
906 3107 1096 3177 intermedii
1122 3108 1258 3177 ratione.
1766 3111 1770 3116 '

598 3228 630 3324 s.
658 3229 918 3303 MDCCXXII.
944 3231 1024 3304 ideo
1052 3233 1162 3304 lumen
1195 3233 1371 3325 aliquando
1398 3233 1581 3330 refringitur
1612 3235 1808 3308 transeundo
1832 3256 1872 3306 ex
1898 3235 2019 3312 Medio
2042 3245 2075 3315 in

549 3325 725 3410 Medium,
752 3332 897 3419 quamuis
921 3329 991 3400 haec
1017 3331 1171 3402 dcnfitnte
1192 3352 1260 3401 non
1285 3330 1451 3401 differunt:
1478 3333 1620 3403 Alurncn
1647 3329 1681 3403 be
1707 3332 1882 3405 Vittiolutn
1899 3333 2074 3412 Gedonena

549 3422 582 3493 sc
614 3422 684 3493 sunt
716 3424 860 3516 ejusdem
892 3424 1081 3511 densetis,
1115 3428 1168 3497 sed
1199 3427 1319 3498 lumine
1354 3449 1537 3498 transeunte
1569 3451 1609 3506 ex
1645 3429 1796 3502 dlumine
1821 3435 1856 3503 in
1880 3431 2072 3540 Vitiosum,¹

549 3521 611 3592 crit
638 3521 722 3592 finus
743 3521 930 3593 Incidentiae
955 3522 996 3593 ad
1023 3524 1124 3595 finum
1140 3523 1357 3596 Refranronrs
1382 3528 1427 3594 uti
1455 3526 1512 3595 26.
1537 3527 1580 3596 nd
1606 3547 1663 3620 25.

598 3646 630 3745 ς.
656 3647 935 3724 MDCCXXHL
961 3651 1090 3724 Lumen
1113 3653 1219 3743 potest
1244 3674 1286 3724 erc
1310 3653 1430 3724 Medio
1448 3657 1481 3725 in
1507 3653 1660 3728 Medium
1685 3677 1881 3749 quacunque
1896 3661 2073 3735 diredione

548 3749 679 3818 transire
710 3750 834 3837 absque
856 3747 920 3818 ulle
946 3748 1163 3832 redditione,
1196 3755 1341 3840 quamvis
1373 3753 1555 3821 mediorum
1585 3753 1755 3826 denfitates
1787 3753 1965 3828 differant:
1999 3759 2074 3831 Olei

547 3843 863 4008 {tilgvzzressraradgnfims
887 3840 933 3911 est
956 3842 990 3913 6.
1015 3844 1150 3916 B0tacis
1170 3866 1247 3932 11„
1273 3845 1328 3917 sed
1351 3869 1410 3939 pet
1426 3848 1586 3922 Borocent
1600 3849 1751 3942 injesttun
1771 3851 1848 3923 oleo
1869 3853 1957 3924 nullo
1972 3855 2009 3928 fit
2025 3857 2075 3930 lu-

602 4059 636 4150 §.
668 4056 946 4131 MDCCXXIV.
979 4058 1107 4133 Lumen
1131 4064 1306 4157 aliquando
1330 4071 1367 4140 in
1397 4069 1526 4141 transitu
1544 4089 1586 4164 ert
1602 4068 1717 4139 ¹medio
1740 4069 1880 4142 densori
1904 4071 1939 4140 in
1963 4076 2067 4148 retius

547 4157 733 4252 retringitur
756 4158 797 4228 td
820 4153 1118 4249 perpendiculum,
1153 4167 1198 4233 uti
1222 4187 1296 4236 cum
1323 4166 1399 4238 Lux
1424 4187 1464 4237 ex
1490 4169 1586 4259 Aque
1608 4168 1693 4257 repit
1715 4167 1750 4238 in
1772 4167 1882 4238 oscum
1909 4165 2074 4244 Terebin'·

544 4257 669 4329 thinae:
696 4255 832 4326 densrtas
857 4261 962 4346 Aquae
985 4257 1030 4327 est
1050 4259 1091 4328 ad
1116 4282 1187 4331 eam
1212 4261 1288 4332 Olei
1310 4268 1356 4335 uti
1381 4267 1413 4336 8.
1439 4264 1480 4334 ed
1505 4286 1539 4357 7.
1587 4265 1683 4336 Sinus
1706 4266 1888 4337 incidentiae
1911 4265 1947 4335 in
1970 4269 2076 4359 Aque

542 4353 592 4428 est
615 4353 656 4423 ad
680 4353 782 4423 smum
803 4349 1001 4426 refradtionis
1023 4358 1069 4426 in’
1082 4355 1173 4429 Oleo
1195 4358 1438 4434 Terebinthinre
1465 4367 1512 4431 uti
1543 4383 1596 4434 rr.
1620 4360 1663 4432 ad
1693 4383 1747 4432 ιο.

597 4478 630 4579 5.
658 4478 922 4555 MDCCXXV.
948 4480 1037 4581 Quia
1064 4486 1171 4558 radius
1194 4486 1276 4562 lucis
1300 4490 1423 4568 delatus
1440 4494 1480 4566 ad
1502 4492 1588 4568 alsud
1615 4491 1768 4571 Medium
1792 4491 1970 4590 refringens
1994 4514 2068 4565 cur·

1522 4627 1532 4641 =
1996 4611 2071 4664 vem

620 4776 679 4850 (ι)
699 4778 799 4852 Optie.
823 4777 886 4837 Lib.
904 4797 931 4838 2.
954 4788 1031 4854 part.
1048 4794 1076 4850 3.
1100 4777 1187 4857 Prop.
1205 4783 1240 4843 is.

617 4854 681 4929 (b)
701 4857 809 4928 Physrc.
825 4858 925 4914 Meth.
944 4859 1015 4933 Enp.
1040 4859 1173 4936 uppem.
1195 4864 1211 4941 ἦ
1234 4863 1272 4925 Χ.

618 4928 676 5006 (e)
697 4929 832 4993 Ledutes
854 4951 919 5010 pag.
937 4949 1004 5008 ιρι.
