4992 6767
571 664 679 794 aa
734 655 1228 792 mannonis
1278 660 1642 752 tortura..
1783 683 1889 784 103,

362 862 700 947 terraeinsstenrorn,
726 855 769 930 δι’
790 857 808 928 l
833 857 910 928 turri
932 854 1069 928 notabili
1088 857 1256 946 intervallo
1282 857 1481 945 distantem,
1513 882 1550 933 ut
1574 862 1663 937 silum
1683 865 1822 941 ferreum
1846 874 1882 946 in

361 961 441 1038 abre
465 962 567 1034 libere
592 960 629 1030 fit
651 956 804 1041 tensum,
837 953 984 1046 nihilque
1009 955 1170 1047 attingere
1203 957 1225 1026 d
1246 977 1315 1029 turn
1333 962 1438 1029 nubes
1457 959 1638 1046 fulminea,
1659 966 1710 1034 vel
1726 965 1881 1057 fulmen,

362 1066 396 1134 in
423 1060 548 1132 sublimi
576 1078 735 1140 currens,
760 1054 935 1149 dirigatur,
958 1050 1009 1123 vel
1036 1054 1174 1141 rapiatur
1190 1053 1235 1123 ad·
1250 1055 1368 1126 serrum
1391 1060 1563 1143 etesium,
1588 1060 1694 1133 influit
1716 1067 1749 1135 in
1768 1066 1882 1138 obbae·

362 1158 488 1230 rescens
513 1157 603 1228 filum
626 1153 792 1238 ferreum,
825 1148 948 1246 (quod
972 1148 1081 1222 Filxm
1106 1150 1233 1224 Salutis
1255 1154 1390 1242 optime·
1404 1175 1557 1226 vocatum
1577 1154 1664 1252 fuir),
1694 1178 1815 1251 curret,
1838 1165 1885 1236 ad

364 1278 456 1327 tertae
482 1254 614 1341 solum,
645 1251 793 1323 delineas
814 1251 848 1320 in
874 1246 1012 1319 ferreum
1035 1247 1191 1318 annulum
1217 1248 1287 1320 solo
1308 1248 1463 1342 infixum,
1487 1254 1537 1322 vel
1552 1275 1644 1346 aquae
1667 1265 1809 1334 currenti
1833 1282 1881 1333 at.

364 1377 430 1446 que
452 1356 495 1424 ita
526 1370 685 1422 avertetur
709 1347 727 1418 d
752 1345 884 1438 reliquis
912 1347 1055 1438 partibus
1081 1346 1205 1430 turris,
1230 1344 1369 1437 templi,
1402 1346 1530 1420 domus.
1556 1350 1589 1422 Si
1622 1353 1796 1445 palatium,
1827 1359 1889 1431 vel‘

363 1449 522 1541 ternplum
544 1447 690 1539 amplum
711 1446 836 1530 suerit,
860 1461 1015 1536 poterunt
1036 1440 1227 1515 setramenta
1248 1444 1340 1528 duo,
1374 1445 1445 1530 tria,
1467 1447 1517 1518 vel
1534 1468 1695 1538 quatuor,
1717 1474 1773 1525 aut
1787 1457 1881 1548 plum

363 1550 404 1618 ad
426 1542 639 1642 angulos,&
664 1547 700 1616 in
720 1543 830 1628 medio
847 1545 955 1638 erigi,
980 1545 1012 1612 in
1035 1540 1117 1611 locis
1140 1539 1429 1625 eminentibus,&
1456 1545 1585 1616 adnedli
1601 1544 1653 1615 {ila
1675 1544 1776 1621 ferrea
1802 1553 1882 1625 salai

364 1650 403 1715 tis
429 1645 469 1713 ad
494 1643 595 1714 solum
625 1644 866 1740 pertingentia,
892 1661 966 1730 quae
991 1659 1124 1708 omnem
1151 1644 1317 1709 materiam
1340 1638 1527 1711 fulmineam
1552 1662 1593 1712 cx
1610 1642 1728 1734 coelo,
1753 1649 1816 1719 illis
1831 1650 1884 1720 lo-

362 1747 409 1813 cis
434 1745 672 1833 incumbente,
698 1742 849 1830 rapient,
874 1732 915 1807 δι’
932 1735 981 1807 ad
996 1755 1111 1806 terram
1134 1736 1325 1809 derivabant
1347 1785 1359 1820 ,
1385 1739 1431 1805 uti
1458 1738 1697 1829 prudentilsrme
1721 1745 1882 1817 consuluit

360 1839 456 1913 Nob.
486 1840 642 1911 Beccaria
663 1845 697 1907 in
720 1836 851 1907 Lerrera
874 1836 999 1905 decima
1022 1854 1133 1923 quarta
1158 1854 1232 1929 pag.
1262 1834 1343 1925 278.
1399 1832 1454 1905 Ex
1477 1838 1552 1906 aere
1573 1834 1698 1907 sublimi
1721 1841 1882 1913 electrici-

361 1958 459 2008 tarem
487 1936 579 2029 posse
601 1935 742 2032 colligi,
766 1956 785 2004 a
814 1933 871 2004 silo
894 1931 1000 2003 ferreo
1025 1934 1121 2022 rapi,
1157 1931 1197 2001 ad
1222 1930 1325 2002 solum
1346 1930 1456 2025 pelli,
1490 1932 1615 2005 constat
1643 1935 1812 2012 manifesto
1839 1959 1887 2013 er

361 2037 590 2128 experimentis
611 2051 685 2103 cum
711 2032 853 2101 dracone
874 2029 1006 2101 volante
1028 2031 1142 2121 captis.

411 2132 450 2204 ln
475 2131 634 2203 Moraviae
659 2131 739 2201 urbe
761 2126 942 2211 Prenditz,
976 2126 1162 2214 Procopius
1194 2125 1357 2211 Divisclr,
1396 2126 1620 2216 Canonicus,
1657 2131 1799 2225 quodam
1822 2156 1883 2229 aps

358 2249 468 2324 paratu
499 2225 625 2298 fulmen
646 2247 789 2297 avertere
810 2242 948 2291 conatus
968 2211 1053 2288 suit:
1078 2223 1321 2296 observationes
1346 2226 1514 2318 sequentes
1535 2251 1612 2300 cum
1633 2231 1771 2323 publico
1788 2254 1881 2306 conr··

357 2327 558 2404 manicavit,
588 2322 739 2390 machina
764 2317 935 2408 bucusque
954 2314 1066 2386 celata.
1113 2318 1215 2389 Anno
1246 2341 1349 2412 ¹754·
1374 2323 1455 2412 Julii
1477 2346 1514 2414 9.
1540 2325 1663 2399 Nubes·
1690 2330 1882 2420 procellosa!

356 2427 389 2495 i'n
413 2421 501 2493 coelo
524 2419 752 2509 apparebant,
779 2433 847 2484 tum
873 2416 982 2484 notor
1005 2411 1186 2484 machinam
1221 2422 1348 2501 erexit,
1382 2419 1485 2489 nubes
1508 2420 1601 2512 supra
1625 2444 1696 2497 earn
1721 2426 1879 2502 advolana

358 2542 405 2592 tes
429 2517 719 2607 discerpebantur,
751 2509 912 2583 &radios
934 2510 975 2580 ad
998 2510 1180 2582 machinam
1200 2512 1424 2604 pepulerunt,
1457 2519 1512 2606 qui
1535 2521 1566 2588 in
1591 2519 1712 2591 recessu
1737 2525 1880 2615 amplior

357 2639 408 2690 res
430 2616 531 2699 sarii,
566 2611 675 2683 donec
698 2631 742 2680 ex
761 2607 936 2700 conspersa
960 2630 1184 2695 evanuerunt,
1217 2610 1272 2679 die
1301 2630 1353 2681 10·
1368 2613 1472 2683 nubes
1494 2611 1646 2688 fulminea
1669 2619 1780 2690 radios·
1802 2643 1881 2696 can·

357 2715 453 2784 didos
477 2714 518 2784 ad
547 2709 727 2782 machinam
751 2705 922 2799 pellebat,
955 2708 1011 2795 qui
1033 2708 1122 2776 nube
1146 2707 1239 2776 altius
1265 2707 1358 2800 supra
1381 2708 1481 2779 solum
1509 2711 1752 2800 adscendente,
1785 2717 1878 2812 supra

356 2810 539 2882 machinam
563 2805 744 2880 transeunte
768 2804 1022 2894 ampliabantur:
1049 2803 1121 2893 post
1145 2803 1261 2877 horam
1276 2808 1625 2895 meteorumevanuir':
1651 2832 1763 2881 verum
1788 2820 1821 2885 in
1840 2840 1879 2888 a·

356 2911 421 3005 gris
448 2905 750 2997 circumjacentibus
777 2899 947 2990 tempestas
972 2896 1033 2969 fuit
1060 2898 1246 2981 terribilis,
1286 2900 1374 2971 coelo
1396 2903 1529 2972 interim
1557 2907 1591 2974 in
1616 2904 1771 2979 Prendirz
1796 2929 1882 2983 tran·-

357 3007 460 3095 quillo
476 3029 490 3082 r,
511 3004 632 3093 vesperi
648 3001 770 3073 fulmen
790 3049 801 3086 ,
828 2995 870 3068 dc·
889 2997 1012 3069 tonitru
1029 2996 1200 3067 ad'urbem
1224 2997 1422 3080 adventans,
1448 2996 1540 3091 supra
1560 3022 1632 3072 eam
1654 3003 1782 3095 placide
1797 3025 1881 3080 tran·

355 3105 427 3190 stit,
463 3121 595 3173 tenuem
618 3099 772 3170 duntaxat
799 3091 971 3163 effundens
994 3094 1162 3181 pluviam:
1202 3111 1292 3160 extra
1315 3093 1428 3164 urbem
1453 3094 1494 3163 ad
1524 3099 1647 3192 infigne
1679 3104 1880 3180 intervallum

353 3200 458 3272 modo
484 3200 606 3270 tonitru
626 3193 687 3265 fuit
710 3194 867 3263 auditum.

401 3296 515 3369 Nemo
528 3296 605 3366 boe
626 3290 753 3361 Thema
769 3289 812 3359 de
835 3286 983 3372 fulmine,
999 3284 1033 3358 &
1058 3290 1181 3360 tonitru
1196 3287 1375 3385 elegantius
1388 3290 1570 3384 meliusque
1594 3292 1764 3388 exposuit,
1781 3319 1879 3391 quam

351 3394 588 3467 Eruditislimus
611 3386 836 3460 Giambattissa
861 3386 1016 3458 Beccaria
1042 3389 1076 3456 in
1099 3384 1232 3458 Lottere
1254 3386 1330 3457 dell'
1354 3388 1605 3463 Elertrieissrmo.
1663 3463 1665 3467 ,

422 3567 430 3585 .
455 3508 708 3585 MllllDXLlV.
735 3506 895 3598 Quamvis
917 3504 1086 3596 hucusque
1103 3505 1242 3580 Fulmen
1267 3505 1302 3582 ἃ
1329 3512 1450 3582 tonitru
1473 3512 1514 3582 ab
1539 3511 1745 3585 eleslricirate
1767 3519 1802 3590 in
1817 3516 1877 3593 a'e‘·

351 3638 401 3700 re,
418 3608 453 3682 bt
470 3607 638 3680 nonnullis
662 3605 803 3675 nubibus
827 3603 860 3674 in
887 3622 930 3673 eu
954 3600 1107 3693 sospenfis
1130 3602 1385 3695 deduxerim&
1410 3605 1634 3700 phoenomena
1657 3610 1758 3680 multa
1778 3633 1895 3703 expes

351 3714 423 3785 dire
452 3707 647 3802 sategerim,
677 3699 888 3772 nihilominus
912 3697 1029 3769 restant
1049 3701 1083 3770 in
1120 3699 1181 3771 hac
1198 3708 1341 3775 recenti
1359 3704 1514 3777 sententia
1529 3701 1761 3788 difficultates,
1788 3727 1875 3799 quae's

349 3831 386 3882 ut
407 3806 554 3881 nondum
584 3802 695 3873 omnia
714 3797 800 3868 clare
815 3846 827 3880 ,
844 3789 884 3865 &²
910 3795 1027 3887 probe·
1037 3797 1122 3867 inter
1144 3797 1372 3871 demonstrata
1394 3801 1505 3873 haberi
1535 3802 1683 3894 polsmr,
1708 3803 1898 3880 efficiunt:-

350 3908 420 3979 fieri
442 3905 529 3975 enim
553 3898 670 3992 posset,
694 3915 731 3967 ut
747 3896 867 3966 tonitru
882 3911 1005 3963 tantum
1028 3892 1064 3963 lit
1087 3895 1350 3984 circumstantia,
1377 3894 1506 3971 &non
1525 3897 1875 3975 causr'efficrensoma
1998 3977 2001 3990 ,

349 4008 438 4078 nium
465 3998 638 4070 effectuum
661 3992 915 4075 cleriricorum,
939 4009 977 4060 ut
999 3990 1239 4081 prudentissime
1264 4016 1380 4069 monet
1400 3994 1455 4067 Cl.
1480 3996 1636 4071 Nollett'rs
1663 3997 1757 4093 (a).
1792 3999 1877 4073 For·

351 4121 382 4172 te
408 4102 495 4171 enim
518 4097 648 4181 nubes,
681 4112 757 4183 quae
780 4089 951 4161 continent
973 4089 1137 4158 materiam
1164 4088 1378 4186 fulmineam,
1404 4115 1445 4164 ex
1468 4096 1573 4177 aere,
1597 4098 1651 4165 cui
1676 4116 1873 4185 occurrunrt

348 4198 588 4268 eleslricitatem
609 4191 763 4271 solvunt,
789 4185 964 4270 laxantve,
988 4182 1112 4255 fulmen
1132 4185 1306 4278 displosum
1334 4191 1470 4261 laxatam
1491 4192 1736 4281 quoquoversus
1759 4191 1895 4286 majori·

346 4298 442 4387 copia
451 4292 568 4384 pellit:
600 4284 804 4383 ideu,-.coelo
833 4301 980 4367 tonante,
1008 4281 1114 4354 homo
1137 4284 1172 4353 in
1202 4284 1314 4355 medio
1330 4286 1430 4358 betti
1452 4286 1618 4379 placenta·
1636 4309 1677 4358 ex
1708 4289 1871 4383 colopho·

346 4394 400 4463 niu
423 4389 564 4461 inistens
589 4387 701 4459 evafit‘
715 4384 914 4469 elediricua,
947 4381 1091 4452 alliciens
1117 4381 1198 4477 ligni
1220 4380 1357 4458 rasuram
1378 4386 1411 4454 in
1438 4385 1577 4474 plumba
1599 4385 1790 4474 jacentem,
1823 4390 1893 4461 uti·

344 4484 554 4561 Monnierius
576 4479 767 4553 observavir.
809 4479 875 4550 Sed
898 4479 1031 4567 quando
1051 4477 1141 4545 coelo
1154 4479 1362 4547 uehementer
1390 4495 1524 4548 tonante
1548 4476 1636 4575 larga
1657 4485 1794 4557 cadebat
1808 4489 1890 4559 im·-

342 4587 409 4658 bris
428 4586 502 4666 vis,
539 4577 625 4671 saepe
647 4576 737 4650 nulla
749 4575 947 4650 electridas
961 4575 1004 4646 -in
1018 4629 1022 4636 ,
1034 4570 1110 4645 adra
1124 4570 1297 4647 observata
1317 4572 1401 4646 fuit:
1416 4597 1420 4633 :
1434 4572 1513 4648 ideo
1537 4574 1631 4653 Nob.
1657 4579 1794 4656 Mazara
1820 4603 1890 4656 te·-

1746 4679 1892 4774 stanit),

336 4894 344 4936 ²
415 4874 475 4961 (Φ)
491 4876 663 4955 Phll0s09h·
684 4875 841 4940 Tanna.-
853 4871 923 4941 Vol·
935 4886 986 4949 43.
1006 4887 1074 4953 pap.
1097 4878 1186 4949 5535„

1090 5015 1160 5134 ng
1179 5033 1306 5092 xrs-xx
1334 5035 1378 5113 χ,
