4992 6767
659 729 1562 826 mnenonrsnnnssrs
1782 740 1866 841 ms

338 926 499 1002 suffocans
522 923 658 1017 spiritus.
716 923 858 997 Voiarile
882 949 1017 1024 quoque
1041 934 1087 1005 est
1110 934 1252 1026 Sulphur
1274 913 1487 1020 Antimonii',
1521 926 1709 1009 Bismuthi,
1746 927 1864 999 Zincir

341 1048 410 1098 turn
438 1023 471 1094 bt
493 1025 699 1109 arsenicum,
731 1028 832 1115 aun‘pi
892 1048 1030 1116 entum,
1053 1032 1247 1118 cobaltum,
1281 1057 1375 1128 aquae
1397 1032 1536 1104 fluentes
1566 1050 1585 1097 a
1613 1025 1724 1097 Rorna
1743 1025 1785 1095 ad
1806 1023 1866 1094 Ti·

339 1124 425 1207 voli,
451 1122 543 1191 dieta
569 1143 657 1192 nunc
685 1121 802 1211 Aqua·
845 1122 909 1193 olfa
924 1127 963 1195 ad
982 1126 1160 1201 distantiam
1176 1135 1322 1224 quinque
1340 1131 1523 1202 milliarium
1545 1127 1586 1196 ab
1605 1126 1686 1196 urbe
1713 1120 1865 1191 exhalant

339 1221 476 1290 odorem
501 1218 704 1310 sulphureum
729 1219 905 1290 admodum
929 1244 1080 1318 gravem,
1106 1227 1268 1299 Romanis
1291 1229 1374 1319 saepe
1389 1225 1558 1310 infestum,
1582 1223 1632 1295 hae
1654 1242 1748 1311 aquae
1770 1238 1864 1289 exca-

339 1337 452 1387 varunt
473 1316 548 1386 hinc
573 1315 648 1386 inde
673 1314 797 1403 solum,
822 1318 912 1408 quod
930 1321 1033 1393 sidens
1056 1323 1195 1415 speciem
1223 1323 1417 1400 infundibuli
1438 1321 1577 1408 format,
1602 1319 1692 1413 cujus
1712 1317 1866 1388 lateribus

339 1414 432 1486 multi
459 1413 556 1483 liores
572 1413 727 1504 Suphurls
746 1414 1211 1517 pulcerrimiadhaerescunt(
1251 1423 1279 1512 ).
1576 1481 1584 1494 .

403 1529 475 1602 150.
507 1511 573 1580 Sed
594 1510 686 1580 multi
708 1509 778 1581 sunt
804 1511 940 1599 halitus,
970 1520 1031 1606 qui
1056 1540 1096 1589 ex
1112 1518 1230 1593 ‘serrae
1254 1520 1421 1614 superficie
1443 1537 1597 1591 exeuntes
1623 1512 1869 1604 incenduntur;

341 1607 544 1699 ardentque,
570 1607 667 1678 veluti
691 1611 726 1678 in
742 1605 843 1698 Lycia
861 1605 1040 1700 Hephallii
1064 1635 1215 1703 montes,
1243 1622 1300 1710 qui
1317 1617 1391 1688 teda
1404 1615 1588 1689 flammante
1606 1613 1701 1698 tasli,
1728 1607 1870 1706 flagrant

342 1705 451 1788 adeo,
477 1725 513 1775 ut
539 1705 662 1796 lapides
688 1725 822 1795 quoque
846 1705 1008 1800 rivorum,
1036 1707 1071 1779 &
1088 1732 1193 1782 arenae
1214 1718 1247 1785 in
1264 1715 1339 1803 ipsis
1357 1703 1449 1803 aquis
1465 1714 1618 1796 ardeant,
1643 1708 1803 1798 aliturque
1819 1706 1871 1802 ig·

343 1805 393 1874 nis
408 1802 463 1871 ille
482 1802 599 1893 pluviis
624 1803 715 1900 (ὓς
742 1803 821 1876 tales
838 1799 909 1872 sunt
924 1807 1031 1906 campi
1048 1805 1207 1903 Phlegraei
1230 1814 1264 1880 in
1287 1810 1420 1891 Scotia,
1446 1830 1487 1878 ex
1511 1811 1630 1898 quibus
1656 1825 1716 1896 per
1728 1803 1816 1878 diem
1835 1822 1872 1873 e·

341 1919 496 1990 rumpunt
517 1898 616 1982 sumi,
642 1922 701 1991 per
718 1901 849 1970 nostem
866 1919 943 1973 vero
962 1900 1120 1989 liamnrae3
1148 1905 1261 1995 quales
1286 1905 1358 1975 sunt
1372 1906 1406 1974 in
1421 1901 1584 1974 Lothiana
1598 1901 1746 1972 orientali
1762 1918 1869 1993 prope

341 1998 499 2089 praedium
521 1996 564 2066 de
582 1995 776 2088 Elpbillon,
804 1993 885 2068 &in
903 2002 1068 2090 provincia
1089 1999 1207 2074 Fifensr
1218 2054 1230 2088 ,
1255 2000 1356 2094 paulo
1374 1993 1467 2090 supra
1480 1998 1639 2090 oppidum
1657 1994 1793 2088 Dysart:
1818 1993 1873 2067 U·

341 2095 492 2184 nobique
508 2092 658 2184 planities
674 2093 783 2189 larga,
812 2091 953 2166 flammis
966 2100 1131 2188 perpetuis
1148 2096 1320 2183 exhausta,
1345 2095 1559 2168 foraminibus
1574 2091 1742 2184 permultis
1761 2112 1871 2162 cavet-

340 2190 435 2273 nosa,
468 2210 509 2259 ex
534 2191 653 2280 quibus
679 2188 790 2282 passim
816 2190 896 2262 sumi
922 2213 1098 2283 erumpunt
1113 2193 1203 2288 (c).
1226 2277 1229 2282 Ι
1252 2193 1420 2280 Praecipue
1435 2189 1574 2260 celebris
1597 2187 1643 2257 est
1664 2185 1759 2258 locus
1779 2204 1872 2351 pratu

341 2284 544 2377 Neapolim,
568 2309 667 2375 quem
683 2307 804 2355 vocant
821 2287 946 2353 Forum
969 2286 1132 2372 Vulcani,
1157 2309 1214 2358 aut
1239 2286 1482 2379 Sulphatatam:
1506 2283 1631 2356 Plinius
1648 2279 1765 2352 Colles
1813 2301 1874 2370 euf

341 2378 1274 2568 iiiiailllinlisisinlisisilar„
1300 2504 1373 2576 ,aa
1396 2501 1481 2554 aaa
1504 2479 1658 2552 aaran
1674 2488 1877 2570 eampum,-

340 2597 379 2650 ut
403 2575 475 2644 saxa
498 2570 631 2666 grandia
647 2570 760 2662 injecta
787 2571 955 2664 respuant,
981 2580 1230 2669 excutiamque,
1257 2581 1387 2651 iconem
1414 2581 1479 2652 loci
1496 2575 1586 2649 dedit
1605 2573 1872 2742 MercatusSe)

344 2674 399 2742 hic
422 2670 512 2740 ardet
528 2689 637 2739 verum
654 2666 804 2759 sulphur,
831 2669 921 2760 quod
942 2675 975 2743 in
991 2671 1057 2742 hoc
1084 2672 1163 2747 loco
1185 2674 1368 2770 colligitur:
1392 2676 1439 2748 est
1461 2695 1595 2770 quoque
1607 2693 1742 2764 campus
1755 2689 1791 2743 ar
1813 2691 1873 2744 ens

344 2772 379 2841 in
394 2763 558 2861 peninsula
583 2763 728 2862 Okesra,
755 2768 810 2857 qui
824 2766 984 2841 albicante
1005 2767 1118 2842 sabulo
1137 2774 1335 2862 cinereoque
1359 2768 1493 2863 pulvere
1510 2769 1698 2858 conspersus
1714 2789 1756 2839 ex
1771 2766 1875 2862 pluri·

344 2868 406 2941 mis
431 2867 519 2948 rimis
535 2861 723 2954 sulphureos
738 2864 806 2933 edit
827 2863 929 2936 lusus:
955 2865 1025 2937 aliae
1044 2869 1133 2940 rimae
1156 2888 1277 2967 magno
1299 2889 1374 2938 curn
1394 2864 1536 2955 tumultu
1550 2860 1704 2958 flagrant,
1730 2863 1741 2929 l
1789 2865 1878 2934 ibus·

344 2983 410 3054 que
434 2983 509 3031 curn
535 2962 659 3048 impetu
683 2958 791 3046 sparss
815 2959 985 3032 horrorem
1007 2965 1167 3036 incutiunt
1190 2963 1442 3056 aspicientibus,
1474 2961 1544 3034 aliae
1567 2957 1713 3030 flammas
1773 2955 1878 3031 ndunt

341 3059 507 3142 mitiores,
533 3052 756 3144 accessumque
784 3057 908 3125 cuneb‘s
929 3059 1119 3132 concedunt
1141 3061 1213 3132 satis
1237 3061 1488 3152 propinquum,
1519 3058 1589 3127 aliae
1613 3053 1722 3128 efflant
1744 3053 1876 3144 suanos,

345 3153 512 3247 Naphrhae
538 3154 691 3244 Spiritum
719 3150 904 3223 redolentes
930 3154 1017 3248 (f).
1077 3155 1130 3225 Ex
1146 3157 1216 3226 solo
1240 3159 1274 3225 in
1301 3156 1468 3246 peninsula
1494 3152 1716 3239 Abscheron,
1748 3155 1877 3225 circiter

347 3275 405 3325 eo.
430 3251 616 3322 milliaribus
641 3270 660 3319 a
680 3248 792 3331 Brku,
818 3243 852 3317 dt
878 3269 910 3341 3.
931 3250 1119 3323 milliaribus
1144 3254 1257 3322 amari
1273 3249 1418 3342 Caspio,
1444 3254 1528 3348 ignis
1541 3266 1719 3342 perpetuus
1733 3251 1876 3339 emmpit

344 3371 385 3421 ex
411 3350 501 3432 solo,
527 3348 663 3440 rupibus
688 3343 828 3430 referto,
855 3343 910 3416 sed
934 3348 1025 3439 quod
1051 3351 1171 3420 tedium
1195 3349 1242 3419 est
1266 3348 1370 3422 crusta
1394 3349 1551 3435 terrestri,
1576 3347 1599 3417 sr
1623 3343 1744 3416 sublata
1770 3343 1876 3417 cridla

345 3447 514 3520 exstruitur
536 3449 621 3538 ignis
647 3447 682 3511 in
707 3460 799 3529 parte
822 3443 963 3521 nudata,
986 3445 1110 3530 absque
1134 3445 1360 3516 consumtione
1383 3443 1509 3537 semper
1537 3443 1650 3528 ardet,
1683 3463 1747 3514 nec
1770 3444 1878 3516 extin-

390 3548 477 3627 itur,
507 3539 565 3609 nisr
588 3535 703 3630 frigida
720 3551 813 3603 terrae
828 3532 1000 3623 injiciatur.
1052 3535 1112 3604 Est
1137 3555 1247 3628 prope·
1264 3539 1471 3608 diversorium
1497 3540 1606 3610 scrobs
1628 3539 1877 3627 quatuordecim

358 3660 429 3720 ara,
454 3655 595 3727 quatuor
617 3633 681 3700 alta
705 3626 826 3719 pedes,
853 3629 887 3697 in
905 3649 969 3720 qua
992 3632 1076 3726 ignis
1092 3631 1217 3723 aliquot
1244 3631 1424 3703 seculorum
1450 3631 1551 3723 spatio
1567 3632 1657 3704 arsita
1682 3633 1763 3701 sird
1779 3635 1877 3706 rimas

345 3739 380 3807 in
397 3735 497 3804 muris
522 3728 685 3800 diversorii
701 3722 836 3796 candela
856 3726 1086 3813 admoveatur,
1110 3728 1270 3801 anhelitus
1285 3731 1373 3820 capit
1387 3729 1571 3824 flammam,
1596 3749 1670 3818 quae
1685 3730 1878 3808 omnenrri·

347 3853 434 3904 mam
455 3829 628 3921 percurrit:
654 3829 688 3895 in
711 3819 780 3913 ipso
801 3819 976 3894 diversorio
997 3845 1157 3896 excavata
1183 3824 1254 3898 sunt
1275 3825 1426 3914 scrobes,
1451 3829 1569 3919 quibus
1589 3826 1805 3915 imponuntur
1827 3823 1877 3910 le·¹

348 3933 462 4011 betes,
487 3928 520 3996 in
541 3922 658 4014 quibus
681 3918 746 3990 cibi
768 3917 893 4007 absque
908 3917 976 3990 ullo
991 3919 1056 3992 alio
1073 3924 1150 4018 igne
1174 3942 1371 4016 coquuntur.

399 4023 498 4095 Loco
521 4019 727 4092 candelarum
753 4013 943 4087 arundinem
968 4017 1038 4090 solo
1054 4018 1213 4118 infigunt,
1239 4024 1315 4117 igne
1344 4023 1430 4112 apici
1456 4021 1591 4094 admoto
1612 4021 1724 4111 prodit
1748 4040 1873 4095 ertem-

347 4123 404 4218 plo
425 4118 553 4189 flamma
573 4115 670 4199 alba,
694 4111 811 4184 ardens
833 4112 958 4206 absque
979 4114 1206 4188 consumtione
1217 4117 1399 4208 arundinis,
1424 4137 1488 4188 nee
1499 4120 1716 4212 extinguitur,
1741 4119 1799 4189 nisi
1817 4120 1878 4191 inr-

345 4271 452 4365 pofito
469 4264 647 4359 operculo:
670 4261 713 4335 ad
736 4259 916 4335 distantiam
942 4230 1020 4386 {a
1044 4263 1187 4337 milliaris
1209 4266 1251 4337 ab
1274 4266 1341 4342 hoc
1363 4266 1442 4340 loco
1461 4263 1508 4338 est
1524 4262 1695 4360 scaturigo
1711 4264 1879 4359 Napbthae

1772 4411 1879 4506 albae,

425 4596 484 4673 (a)
508 4595 674 4657 L’Hisloire
693 4594 730 4655 de
744 4594 872 4659 L’bcad.
886 4596 965 4673 Roy.
981 4593 1035 4658 do.
1053 4608 1141 4672 ηςο.
1162 4611 1228 4674 pag.
1253 4611 1298 4672 ¹4·

340 4689 349 4708 ·
424 4677 486 4751 (b)
504 4676 615 4735 Plinius
635 4673 709 4734 iiiii.
732 4677 802 4736 Nat.
824 4675 890 4737 Lib.
913 4692 942 4736 α.
961 4677 1033 4753 Cap.
1059 4691 1124 4738 rto.
1147 4691 1213 4754 pag.
1236 4692 1300 4738 aaa.

425 4756 484 4827 (r)
506 4755 655 4813 sibbaldus
677 4753 776 4812 Scotia
793 4754 894 4816 illuslr.
919 4752 983 4814 Lib.
1007 4769 1031 4813 r.
1054 4756 1125 4832 Cap.
1147 4768 1176 4827 3.

426 4831 486 4904 (d)
508 4833 618 4890 Plinrus
640 4831 711 4889 liiii¹
732 4832 838 4894 Natus.
862 4835 917 4893 Lib
951 4847 977 4902 3.
999 4835 1069 4912 Cap.
1087 4851 1137 4894 ιι.

425 4914 482 4982 (e)
505 4911 631 4970 Mercari
648 4908 859 4971 Metallotheca
884 4912 979 4972 vatic.
1000 4931 1066 4991 pag.
1091 4931 1140 4988 79.

428 4986 484 5066 (f)
505 4989 658 5068 Kacmpser
679 4988 821 5051 dmoenlt.
844 4991 960 5051 Exotic.
981 5009 1046 5073 pag.
1066 5007 1150 5068 azau

1104 5025 1419 5165 Danaam*
1491 5019 1560 5026 '¹
