4992 6767
653 717 902 806 stus
983 693 1105 803 un
1188 717 1600 811 vanarn
1790 746 1900 834 1095

364 919 479 992 fortius
502 914 619 1009 spirare
641 935 774 991 ventum
795 912 964 997 sentimus,
991 933 1088 1002 quam
1115 915 1173 986 ubi
1195 915 1273 989 binc
1295 918 1371 990 inde
1395 917 1536 1004 sistitur,
1570 916 1648 988 ideo
1679 915 1793 989 fortius
1819 919 1884 1011 spi·

366 1039 414 1089 rat
441 1022 472 1085 in
499 1015 593 1100 lacu,
621 1014 783 1096 Oceano,
809 1030 906 1101 quam
931 1011 964 1080 in
979 1007 1073 1094 solo,
1105 1014 1138 1082 in
1166 1035 1234 1104 quo
1258 1014 1334 1086 hinc
1359 1015 1434 1086 inde
1464 1015 1536 1086 sunt
1564 1018 1716 1101 arbores,
1740 1016 1884 1105 domus,

364 1116 490 1204 aliaque
515 1113 710 1197 obstacula3
742 1110 1006 1198 ideonunquam
1038 1109 1277 1183 incontinenti
1307 1132 1397 1183 tanto
1421 1111 1515 1204 spirat
1541 1116 1693 1205 impetu,
1726 1136 1822 1210 quam
1849 1118 1884 1187 in

364 1215 490 1304 patenti
515 1232 614 1283 mare.

418 1330 468 1380 2⁰.
495 1307 564 1404 Qui
584 1306 705 1380 Insulas
731 1304 867 1378 Caribas
895 1321 1040 1394 petunt,
1074 1302 1322 1396 deprehendunt
1347 1305 1434 1377 hunc
1459 1306 1658 1400 Aquilonem
1684 1314 1818 1402 propius
1843 1310 1885 1381 ad

365 1406 567 1478 subsolanum
599 1425 760 1502 vergere,
794 1423 865 1493 quo
891 1403 993 1497 magis
1016 1401 1178 1474 Americae
1208 1406 1496 1495 appropinquant3
1530 1407 1572 1473 ira
1602 1425 1637 1473 ut
1664 1407 1824 1479 interdum
1850 1410 1885 1478 in

365 1525 476 1576 vetum
502 1504 717 1574 Subsolanum
744 1504 865 1585 abeat,
898 1500 967 1569 imo
991 1498 1177 1571 tendentem
1202 1502 1242 1570 ad
1267 1499 1425 1585 Eurum;
1452 1501 1662 1572 nihilominus
1685 1501 1796 1594 sapius
1828 1504 1890 1574 ali·-

366 1600 558 1692 quantulum
589 1602 631 1674 ad
661 1599 863 1692 Aquilonem
892 1598 1024 1689 vergit,
1056 1597 1280 1688 placidiusque
1312 1601 1471 1669 continno
1505 1598 1622 1689 spirat..
1662 1597 1698 1667 ln
1722 1600 1885 1672 littoribus

364 1700 558 1770 Sorrinamae
582 1718 698 1773 ventus
720 1692 882 1768 orientalis
904 1713 979 1764 cum
1004 1712 1120 1765 aurora
1151 1695 1275 1791 surgit,
1315 1695 1399 1767 hord
1435 1696 1524 1766 noni
1551 1695 1597 1766 est
1622 1695 1825 1783 mediocris,
1850 1694 1892 1768 dt

366 1795 410 1866 src
439 1794 554 1889 perflat
578 1794 743 1887 usquead
768 1789 929 1866 occasum.

420 1913 470 1984 30.
495 1892 601 1986 Hujus
623 1895 710 1964 venti
734 1891 851 1962 limites
879 1887 911 1958 se
938 1887 1032 1959 latius
1064 1888 1105 1959 ad
1135 1885 1230 1960 litora
1258 1892 1449 1975 American,
1483 1912 1579 1983 quam
1612 1889 1732 1961 Africae
1768 1910 1894 1963 exten-¹

314 2028 317 2034 ·
366 1991 469 2074 dunt,
493 2012 569 2062 cum
593 1994 627 2062 in
653 1989 801 2060 litoribus
821 1986 1022 2057 Americanis
1045 2007 1150 2077 usque
1173 1987 1214 2057 ad
1235 1989 1371 2084 gradum
1397 2009 1443 2080 30
1468 1985 1503 2060 ἃ
1530 2009 1575 2081 32
1602 2008 1801 2078 excurrant,
1825 2010 1886 2081 pe·

367 2089 523 2159 detentim
549 2087 689 2158 leniores
718 2086 810 2170 fiant,
843 2084 951 2155 donec
980 2084 1021 2152 nd
1056 2085 1191 2177 gradum
1225 2109 1281 2175 40·
1306 2088 1436 2177 penitus
1467 2085 1632 2157 desinant:
1666 2086 1820 2178 idemque
1852 2089 1893 2158 in·

367 2183 640 2255 Meridionalibus
674 2185 833 2255 Americae
866 2181 1057 2264 littoribus,
1089 2179 1183 2249 latius
1210 2202 1342 2253 ventum
1375 2183 1559 2279 generalem
1586 2186 1755 2275 expertis,
1786 2204 1894 2275 quam·

363 2282 625 2373 promontorium
650 2280 790 2358 Africae,
816 2274 909 2363 quod
931 2273 1035 2343 Bonae
1059 2273 1136 2365 Spei
1159 2279 1378 2368 appellatum,
1403 2278 1598 2353 obserantur.

413 2398 465 2467 4⁰·
491 2376 667 2445 Penetrant
693 2389 827 2463 quoque
852 2374 939 2442 venti
965 2370 1138 2441 orientales
1158 2395 1220 2463 per
1243 2376 1348 2444 hiatus
1370 2378 1455 2445 inter
1477 2376 1593 2447 insulas
1612 2377 1754 2450 Ancillas
1777 2381 1810 2449 in
1836 2375 1886 2449 512

363 2496 443 2547 num
466 2471 708 2557 illlexicanum3
734 2468 820 2540 unde
839 2490 858 2538 a
881 2466 1055 2539 Martinica
1077 2468 1118 2538 ad
1141 2468 1313 2564 cumpro,
1339 2467 1373 2540 δι
1397 2470 1637 2567 Carthngenam
1657 2474 1890 2563 observantur,¹

364 2571 419 2641 sed
443 2569 514 2641 sunt
533 2570 587 2639 hic
609 2570 715 2638 minus
738 2566 944 2650 constantes,
968 2564 1161 2657 coelumque
1184 2570 1292 2665 minus
1316 2565 1461 2640 serenum
1481 2570 1539 2640 est.

417 2666 551 2738 Interim
576 2669 608 2737 in
629 2665 767 2737 Oceano
790 2663 958 2735 Atlantico
991 2664 1033 2732 ad
1057 2663 1236 2736 distantiam
1276 2687 1344 2757 ¹70
1376 2666 1558 2738 milliarium
1583 2689 1601 2736 a
1626 2666 1821 2757 Mammea,
1849 2665 1892 2742 δι.

364 2766 449 2837 ultra
475 2782 669 2836 memoratas
694 2760 808 2833 insulas
832 2764 864 2832 in
887 2761 969 2831 Sinu
992 2757 1174 2830 Maxicano
1205 2761 1289 2832 fiunt
1309 2760 1473 2833 Turbines
1496 2765 1646 2834 ventosr:
1680 2769 1718 2835 iis
1739 2766 1894 2838 desinon-¹

364 2863 451 2933 tibus
471 2858 507 2932 dt
537 2863 752 2953 praeterveslis
778 2860 865 2930 venti
903 2856 985 2928 soliti
1010 2856 1171 2927 redeunt:
1205 2878 1280 2929 nam
1312 2878 1386 2927 ante
1418 2858 1592 2931 adventum
1623 2862 1787 2930 turbinum
1813 2862 1884 2933 sunt

363 2958 523 3030 malacia:
550 2959 583 3028 hi
607 2958 749 3030 turbines
772 2960 805 3027 in
833 2955 1014 3047 periculum
1038 2956 1109 3025 navi
1153 2974 1223 3025 ntes
1246 2954 1446 3047 conjiciunt,
1470 2955 1620 3040 nisvela
1637 2956 1839 3029 contrahant.

414 3056 453 3128 ln
477 3058 556 3128 Sinu
585 3055 765 3124 Mexicauo
786 3056 873 3122 venti
900 3049 1071 3124 orientales
1092 3049 1219 3140 pacide
1244 3047 1381 3139 spirant,
1416 3053 1494 3119 ideo
1515 3074 1603 3120 mare
1626 3054 1725 3123 ineo
1755 3054 1800 3124 est
1827 3077 1886 3147 pa·
1943 3063 1946 3071 '

365 3175 437 3225 rum
453 3155 626 3249 agitatum,
650 3150 761 3240 estque
783 3146 860 3219 coeli
884 3145 1054 3228 serenitas,
1079 3165 1199 3236 nempe
1220 3147 1294 3217 anni
1313 3144 1499 3237 tempestate
1521 3146 1626 3220 bona:
1650 3145 1705 3220 sed
1729 3151 1764 3219 in
1781 3152 1895 3240 mala,¹

364 3251 428 3323 srve
453 3256 639 3343 importuna
662 3246 850 3339 tempestate
872 3244 993 3315 coelum
1020 3243 1104 3333 saepe
1122 3245 1298 3333 vaporibus
1319 3243 1365 3313 est
1389 3246 1520 3316 testum.
1894 3255 1895 3259 ’

411 3352 466 3420 Ab
494 3348 605 3420 insulis
632 3344 830 3416 Barlovento
850 3345 884 3415 in
910 3343 1011 3411 finum
1038 3338 1084 3409 est
1108 3340 1229 3411 coelum
1255 3340 1514 3427 inconstantius,
1538 3341 1649 3415 Terrae
1672 3341 1891 3440 sosorcopioe

365 3448 462 3518 fiores
489 3465 627 3535 vapores
655 3445 821 3510 erudiente
849 3438 883 3508 &
915 3438 1036 3507 coelum
1068 3438 1275 3532 obtegente,
1307 3460 1342 3511 ut
1370 3462 1439 3512 non
1473 3441 1530 3512 nist
1561 3442 1664 3513 nubes
1686 3463 1881 3533 appareant:

364 3543 574 3613 nihilominus
596 3536 681 3607 Solis
703 3537 783 3605 radii
805 3533 881 3603 hinc
908 3532 983 3603 inde
1004 3532 1060 3602 fibi
1084 3535 1168 3606 uiam
1192 3534 1336 3625 faciunt,
1360 3537 1452 3609 adeo·
1468 3557 1508 3608 ut
1527 3536 1678 3609 serenitas
1699 3557 1757 3626 per
1776 3542 1893 3615 hiatus

364 3638 535 3731 spesletun

410 3736 444 3807 A
461 3732 667 3827 Carthagena
684 3729 731 3800 ad·
743 3728 924 3801 Portobelo
944 3726 1059 3819 spirant
1074 3728 1279 3822 Aquilones‚
1299 3733 1343 3808 &'
1354 3733 1489 3807 Asrici':¹
1504 3730 1708 3825 Aquil'ones,
1724 3734 1781 3828 qui
1798 3735 1895 3807 Bri·-

356 3835 411 3931 ses
435 3830 659 3924 appellantur,
685 3829 844 3918 incipiunt
865 3827 975 3898 medio
997 3823 1216 3921 Novembris,
1241 3831 1426 3904 constantes
1445 3828 1517 3904 sunt
1532 3834 1699 3919 minicio,
1721 3828 1829 3904 saltem
1847 3833 1894 3903 in·

361 3933 477 4014 initio,
507 3927 558 3998 vel
583 3927 693 3999 medio
723 3922 949 4011 Decembris,
983 3944 1051 3994 tum
1085 3924 1226 3998 aestivum
1255 3929 1436 4021 appellatur
1465 3948 1621 4022 tempus;
1647 3947 1789 4027 pergunt
1813 3927 1896 4000 fine·

363 4030 539 4103 variatione
566 4023 732 4115 usquead
762 4021 904 4092 medium
940 4019 1060 4111 Mayi:
1096 4042 1165 4094 tum
1190 4024 1367 4114 desrntmt,
1398 4028 1636 4123 incipiuntque·
1655 4028 1820 4099 motiones
1845 4021 1891 4097 &-

363 4177 573 4289 Vendavelps'
590 4174 689 4263 dini,
714 4171 777 4246 sve
800 4172 933 4258 Africi,
952 4172 1009 4262 qui
1031 4168 1134 4240 modo
1158 4171 1364 4245 observantur
1387 4198 1406 4247 a
1431 4175 1599 4250 latitudine
1628 4197 1674 4245 ra
1695 4176 1757 4249 vel·
1777 4139 1883 4286 1233,-

360 4323 538 4417 gradmm,
563 4346 638 4397 nam
663 4325 698 4395 in
721 4319 836 4412 majori
859 4320 1031 4392 latitudine
1057 4318 1241 4395 Orientales
1267 4326 1354 4395 venti
1380 4324 1506 4418 semper
1531 4323 1659 4418 spirant.
1886 4415 1888 4420 Ι

411 4422 611 4509 Spirantibus
637 4421 760 4489 Africis-
777 4439 920 4515 regnant
939 4418 1094 4512 procellae
1117 4440 1193 4490 cum
1217 4420 1346 4512 pluvia,
1379 4423 1433 4493 sed
1455 4425 1565 4491 brevis
1586 4422 1659 4494 sunt
1679 4420 1887 4511 durationis,¹

362 4517 559 4609 aliquamdiu
581 4513 756 4586 succedunt
776 4514 952 4599 Malaciae,
984 4516 1187 4603 pedetentim
1216 4514 1347 4588 Africus
1373 4517 1455 4590 redit
1487 4518 1579 4616 (a).
1629 4518 1722 4594 ldem
1749 4521 1890 4594 contin·

360 4621 409 4713 gir
430 4614 486 4685 sub
514 4611 578 4682 fine
602 4609 842 4700 Odobtim&
870 4613 966 4687 initio
991 4607 1217 4704 Novembris,
1244 4616 1321 4707 quia
1346 4633 1414 4691 tum
1434 4635 1607 4696 uentorum
1629 4619 1767 4698 omnio
1786 4637 1887 4703 non'fj

358 4718 439 4790 dum
463 4709 612 4783 constans
636 4708 753 4783 evast..

1764 4829 1819 4908 5⁰·
1844 4804 1892 4881 Ab

433 5003 492 5090 (a)
512 5006 635 5090 sonte
656 5003 876 5091 nr’annqn
896 5019 955 5093 ru
971 5007 1182 5092 earnium
1202 5024 1271 5089 nm
1293 5012 1352 5084 τοι.

1090 5118 1155 5214 Yu
1178 5141 1228 5215 ts
1251 5141 1302 5215 ru
1328 5141 1364 5215 s
