4992 6767
794 637 937 776 mu·
1087 669 1415 780 ioum
1778 677 1872 814 bip

334 894 556 990 wotene,
579 883 616 964 di
636 884 716 961 ideo
737 885 898 957 incerunu
916 882 963 956 est
985 901 1157 979 quousque
1178 886 1264 983 ignis
1290 886 1370 961 Airi
1394 890 1429 961 in
1455 885 1673 982 atmorpiiera
1696 872 1861 964 obbetea·

335 1018 411 1087 nt,
436 993 535 1068 &aa
554 987 690 1084 quidem
713 982 801 1058 udus
826 983 860 1056 in
884 982 1121 1076 Annospberae
1142 983 1294 1057 altissimis
1324 981 1512 1072 inmitibus,
1536 1005 1593 1058 aut
1616 985 1709 1080 supra
1732 988 1768 1061 in
1792 987 1862 1082 spe·

337 1099 390 1170 tiu
410 1090 591 1165 ooeieibibru
621 1085 707 1184 ignis
737 1080 804 1169 fit,
837 1080 915 1154 licet
943 1081 1091 1154 ranffima
1116 1085 1149 1156 in
1178 1084 1216 1154 iis
1249 1083 1306 1155 iux
1330 1083 1471 1157 siderum
1495 1086 1543 1157 fit.
1594 1086 1750 1160 Attamen
1782 1103 1861 1165 cuni

335 1193 414 1266 aeria
441 1192 556 1262 raritas
581 1205 687 1277 usque
710 1179 754 1253 ad
783 1177 1004 1274 amrosphaerae
1028 1181 1145 1253 limites
1170 1185 1330 1254 continuo
1354 1186 1542 1270 increscat,
1572 1185 1609 1258 in
1634 1186 1730 1258 variis
1754 1203 1859 1258 mmo·

333 1287 463 1383 spbaerae
487 1286 612 1372 strans,
636 1282 761 1373 semper
784 1280 892 1353 minus
912 1282 1086 1370 minusque
1104 1279 1188 1377 ignia
1212 1282 1317 1352 inerit.
1366 1279 1527 1355 Preterea
1548 1283 1583 1354 in
1607 1281 1760 1368 edibua,
1785 1301 1860 1380 que

331 1380 798 1480 uvmikcoutigaatioaibue
809 1377 1019 1458 conduntur,
1038 1376 1109 1449 bac
1133 1379 1217 1474 iguis
1243 1379 1442 1469 equabiiitas
1466 1401 1531 1453 tam
1556 1399 1706 1474 tempore
1720 1382 1864 1475 diurno,

333 1504 435 1580 quum
459 1483 622 1556 uosbrmo
642 1499 713 1552 nou
734 1473 970 1548 observabitur:
997 1472 1187 1546 Meridiano
1211 1494 1360 1568 ternpore
1383 1477 1441 1550 sub
1467 1479 1671 1554 tecto-calor
1693 1480 1740 1552 est
1764 1481 1861 1558 vehe-

333 1577 557 1665 venusinum,
587 1580 694 1650 minuas
719 1572 870 1646 exaestuat
898 1574 1103 1668 contignatio
1134 1572 1299 1663 inferior,
1332 1575 1596 1649 infimacarneta
1621 1580 1727 1651 minus
1753 1580 1866 1655 adhuc·

335 1675 448 1750 calet:
476 1675 597 1749 Medis
618 1675 716 1747 noste
736 1669 846 1744 infima
871 1668 1125 1761 deprehenditur
1156 1668 1366 1758 calidissima,
1401 1674 1458 1745 sub
1483 1677 1571 1746 teuo
1596 1677 1677 1748 ae'ris
1701 1674 1791 1749 calor
1812 1675 1864 1752 est

334 1769 611 1871 hegumenus,
631 1775 665 1845 in
682 1768 870 1844 intermedia
890 1789 1017 1839 camera
1033 1769 1123 1839 calor
1147 1768 1275 1839 medius
1299 1770 1355 1842 est.
1405 1769 1512 1867 Quod
1537 1771 1601 1860 iit,
1636 1777 1713 1864 quia
1740 1777 1864 1850 etium

336 1869 360 1944 d
389 1875 553 1944 matutinis
583 1863 674 1942 horis
703 1865 772 1940 sni·
797 1864 986 1938 illustratum
1016 1866 1186 1958 usquead
1207 1865 1375 1939 meridiem
1399 1871 1441 1939 ab
1467 1873 1576 1960 epotis
1599 1871 1695 1943 radiis
1719 1876 1862 1946 manime

335 1966 521 2052 incalescit,
545 1988 581 2040 ut
602 1963 639 2039 dt
660 1967 716 2038 aet
739 1965 925 2038 immediate
949 1963 1006 2034 sub
1031 1966 1138 2048 tedio,
1165 1965 1248 2058 ignis
1275 1963 1394 2035 deinde
1417 1985 1458 2036 ex
1484 1968 1571 2039 tedio
1590 1968 1719 2053 transt,
1746 1991 1862 2060 quum·

336 2086 435 2158 quam
463 2066 571 2149 iente,
596 2065 757 2149 tabulata,
781 2059 1027 2144 causationes,
1047 2064 1230 2151 pavimenta
1256 2082 1298 2132 eu
1318 2083 1447 2135 camera
1471 2066 1505 2133 in
1531 2085 1721 2152 cernerem,
1751 2063 1786 2136 da
1811 2068 1861 2139 ui·

335 2164 418 2233 timo
447 2160 489 2234 ad
519 2161 664 2233 infimum
692 2159 870 2253 pervenit,
901 2179 975 2250 quae
1010 2157 1087 2230 ideo
1120 2157 1234 2242 tarde,
1269 2155 1304 2228 da
1336 2163 1484 2232 omnium
1517 2166 1649 2235 minime
1674 2163 1866 2237 incalescit:-

334 2254 452 2346 ὶέοᾶιι
475 2259 545 2330 Aer
567 2258 625 2330 ab
646 2258 704 2329 dio
725 2253 868 2327 citiiime
897 2253 1100 2350 refiigeratus
1121 2257 1273 2344 tectaque
1296 2256 1456 2347 perflans,
1481 2260 1624 2332 calorem
1649 2261 1756 2331 secum
1777 2262 1861 2332 abti-

334 2358 401 2449 pit,
425 2377 463 2427 ea
488 2355 633 2426 citissime
655 2352 842 2445 refrigerat,
868 2372 936 2419 tum
962 2353 1046 2445 ignis
1071 2349 1267 2440 aequabilem
1291 2351 1445 2424 affesians
1469 2352 1674 2427 diffusionem
1699 2376 1740 2425 ex
1755 2377 1864 2428 came

333 2473 371 2524 re
389 2455 477 2525 testo
496 2456 646 2543 proxima
668 2449 764 2536 serpit
788 2445 829 2514 ad
849 2449 989 2530 tedium,
1015 2439 1053 2516 da
1070 2446 1189 2517 ultimo
1210 2467 1254 2516 ex·
1276 2469 1402 2521 camera
1426 2450 1542 2525 infima
1565 2454 1608 2525 ad
1624 2453 1768 2540 medias,
1791 2453 1863 2528 sen·

335 2567 369 2620 te
399 2548 543 2621 iomicea
574 2543 610 2616 bt
645 2544 805 2616 lacunaria
832 2563 1032 2633 perreptans.
1082 2543 1242 2615 Preterea
1264 2544 1372 2618 differt
1397 2547 1492 2621 Adria
1515 2550 1608 2623 calor
1633 2550 1758 2622 eodem
1779 2570 1866 2624 tentr

336 2665 424 2737 pore
441 2648 475 2714 in
496 2643 640 2725 eadem,
667 2658 864 2730 quamquam
883 2658 951 2707 non
977 2640 1153 2707 admodum
1175 2641 1283 2729 ampla
1301 2692 1313 2726 ,
1346 2649 1489 2735 regionis
1512 2649 1633 2745 plaga,
1658 2668 1720 2738 pro
1744 2650 1869 2722 vicinia?

338 2741 515 2822 arborum,
539 2733 573 2807 dt
596 2736 792 2818 domorum,
817 2753 892 2804 narn
915 2735 948 2803 in
970 2733 1083 2803 umbra
1105 2735 1160 2802 aer
1184 2733 1308 2826 semper
1332 2738 1377 2807 eii
1392 2739 1561 2834 frigidior,
1585 2763 1683 2833 quarn
1699 2746 1734 2812 in
1750 2748 1869 2834 aprico·

338 2837 400 2906 ubi·
418 2837 440 2904 a
463 2833 541 2904 Sole
561 2833 753 2913 iiiusiratur,
778 2847 834 2900 aut
853 2828 1026 2919 replicatos
1047 2830 1067 2897 i'
1086 2828 1156 2900 solo
1179 2831 1286 2902 radios
1310 2836 1423 2924 recipit
1442 2858 1457 2920 3
1480 2836 1553 2927 plus
1571 2837 1669 2936 friget
1690 2837 1781 2921 A‘e‘r,
1806 2843 1864 2929 qui

336 2930 438 3003 fluvio
459 2949 557 3018 quam
579 2928 651 2998 soio
676 2927 860 3007 incumbit,
887 2927 933 2994 uti
957 2928 1055 2995 etiarn
1077 2930 1203 2997 notavit
1228 2928 1472 3001 Weitbrechtus
1494 2933 1578 3027 (a)
1611 2931 1688 3025 pius
1711 2931 1807 3030 friget
1830 2937 1865 3008 in

337 3026 525 3124 regionibus
545 3025 712 3113 poiaribus
735 3042 833 3112 quam
854 3023 888 3091 in
912 3041 996 3091 zona
1018 3023 1137 3092 torrida
1152 3022 1270 3093 eodem
1288 3043 1457 3114 tempore,
1484 3024 1520 3097 dt
1544 3032 1577 3100 in
1602 3031 1678 3120 pari·
1693 3029 1875 3118 ,aititudine

338 3121 462 3195 isoio.
510 3122 609 3192 Adeo
633 3141 669 3191 ut
689 3121 772 3216 ignis
796 3139 857 3209 pet
877 3115 1039 3187 iatiffimas
1061 3118 1297 3210 ntmosphaerae
1321 3121 1433 3215 plagas
1465 3123 1707 3213 aequabiiissime
1731 3113 1871 3198 diffusus

338 3220 417 3314 poni
440 3237 593 3310 nequeat.
642 3216 709 3290 Sed
733 3211 768 3284 ἅ
788 3217 821 3285 in
844 3214 1008 3304 tepidariis
1034 3214 1180 3301 nostris,
1215 3216 1271 3285 sub
1297 3237 1439 3306 quorum
1463 3222 1651 3311 pavimento
1675 3223 1760 3318 ignis
1784 3221 1865 3314 hye-

338 3315 604 3486 ffifflur,
629 3310 832 3406 inaequabilis
856 3309 904 3382 est
924 3312 1045 3401 calor,
1070 3316 1230 3385 maximus
1253 3334 1361 3406 prope
1385 3314 1523 3431 solum,
1553 3320 1665 3390 minor
1688 3320 1723 3390 in
1747 3319 1867 3413 majon-

383 3417 392 3435 '
451 3415 460 3432 '
486 3434 517 3484 e.

351 3611 353 3616 .
389 3549 608 3651 §.MDCX
633 3549 667 3621 si
692 3548 761 3619 due
783 3567 925 3635 corpora
947 3545 1093 3636 ejusdem
1120 3550 1292 3629 mater-iae,
1317 3548 1453 3633 similia,
1477 3551 1642 3640 aequalia,
1671 3551 1752 3624 fiant
1768 3577 1872 3647 eque

338 3652 467 3736 calida,
490 3650 610 3719 borum
636 3664 740 3716 unum
762 3645 796 3714 in
824 3663 964 3733 corpore
988 3643 1072 3711 duro
1095 3642 1303 3734 densiorique
1326 3665 1488 3735 ponatur,
1512 3647 1649 3719 alterum
1673 3650 1863 3742 incorpore

338 3747 508 3831 molliori,
529 3743 730 3833 mriotiquea
758 3757 832 3810 tum·
849 3743 944 3810 citius
967 3734 1003 3809 ἃ
1025 3738 1098 3829 plus
1118 3739 1203 3832 ignia
1225 3742 1370 3823 amittit,
1396 3744 1499 3833 quod·
1507 3743 1596 3838 jacet
1617 3748 1652 3816 iu
1674 3745 1761 3817 duro
1782 3748 1874 3820 den-4

338 3846 507 3935 fiorique,
543 3862 641 3935 quam
666 3838 801 3908 aiterum
825 3838 860 3905 ia
882 3835 1011 3906 leuiori.
1054 3833 1218 3906 Praene
1233 3856 1355 3930 comus
1378 3838 1496 3912 durum
1522 3836 1560 3913 or
1582 3840 1712 3914 amous
1736 3844 1864 3918 ridebi-

337 3962 391 4018 tur
411 3943 519 4012 minus
538 3933 722 4018 incaluisse,
745 3951 843 4024 qaum
866 3931 1000 4002 aiterum
1022 3934 1132 4003 nriua.

393 4089 426 4190 ς.
449 4083 628 4160 MDCXI.
653 4083 719 4158 Sed
741 4083 779 4155 id
795 4104 931 4176 quoque
949 4086 988 4156 in¹
1007 4081 1131 4154 diuidis
1156 4087 1313 4157 obtinet:
1341 4084 1508 4176 aqualiter
1532 4087 1620 4157 enirn
1644 4087 1748 4160 caleat
1770 4089 1869 4177 A‘e'r‘,

341 4188 457 4281 Aqua,
481 4184 668 4256 Mercurius
688 4186 722 4254 in
746 4183 848 4252 tribus
871 4181 950 4251 vass
975 4180 1171 4270 aequalibuae
1194 4181 1285 4252 hisce
1307 4179 1416 4253 fluidis
1439 4184 1556 4254 immet
1578 4200 1671 4254 antur
1686 4187 1746 4252 tria
1763 4205 1869 4276 eque·

341 4280 490 4453 ug&
512 4276 945 4451 rggpuguggggee
968 4277 1081 4445 iii*
1103 4276 1145 4445 i
1168 4277 1325 4448 iis-ii
1340 4280 1433 4418 aaa
1447 4278 1537 4448 in
1557 4277 1868 4450 nisiiiiii

342 4402 550 4552 grinergtssioc:lv
569 4398 856 4546 cumgnliliercurius
881 4397 976 4545 citidla
998 4397 1101 4563 Αςὲἓ
1123 4397 1350 4570 ignemgbibit
1368 4396 1570 4548 fflaleecit.
1597 4395 1693 4546 gSed
1708 4399 1745 4543 iJ
1766 4478 1794 4547 ia
1817 4481 1865 4548 eii

339 4596 490 4667 torpore·
504 4572 638 4644 euoiana
655 4574 689 4643 in
711 4571 876 4655 aiterum,
908 4569 1005 4661 hujus·
1026 4589 1133 4660 partes
1164 4591 1376 4642 commovere
1401 4569 1528 4665 dehet,
1561 4593 1635 4664 quae
1659 4572 1694 4643 in
1741 4572 1858 4648 euiiori

339 4673 529 4760 dauonque
552 4667 622 4740 suut
641 4669 779 4760 plures,
815 4664 850 4738 δι
876 4671 979 4767 magis
1001 4667 1225 4742 cohaerescunt
1240 4719 1259 4758 ,.
1285 4666 1453 4741 difficiliue
1477 4692 1649 4746 moventut
1665 4720 1683 4760 ‚-
1709 4669 1869 4780 pluresve*

604 4817 607 4822 -
1814 4787 1868 4840 νιν

419 4970 479 5050 (e)
502 4970 699 5037 Commeatum
716 4972 866 5055 retropoi.
880 4927 978 5040 soma
994 4989 1024 5053 7.
