4992 6767
588 653 1667 798 oamasaoarsaouars.
1795 672 1888 782 aa,

356 875 456 930 vento
480 856 578 926 nimis
605 851 720 944 rapido
743 850 963 944 discerpantur
979 855 1013 926 iu
1026 872 1158 946 partes,
1175 874 1210 926 ut
1227 853 1316 924 illico
1334 874 1376 925 ex
1391 854 1566 946 conspeetu
1580 860 1784 932 evanescant:
1806 864 1883 938 hinc

356 955 558 1028 saevientibus
584 949 739 1044 procellis
763 951 883 1036 coelum
910 972 1146 1042 nonnunquam
1170 952 1216 1022 est
1232 951 1398 1038 serenum,
1423 951 1486 1028 live
1503 953 1569 1025 line
1584 957 1743 1027 nubibus:
1770 959 1884 1034 stven.

355 1057 380 1124 ti
406 1055 439 1124 in
465 1071 580 1148 gyrum
605 1066 757 1145 agantur,
785 1067 977 1139 torquentur
1002 1048 1098 1120 etiam
1123 1051 1226 1120 nubes
1243 1052 1277 1122 in
1295 1051 1495 1139 rotundum,
1521 1072 1656 1143 tumque
1673 1056 1792 1126 vitibus
1808 1078 1884 1130 cerr·

353 1148 478 1246 trisugis
501 1149 678 1219 exteriores
702 1165 808 1235 partes
834 1143 917 1238 saepe
940 1144 1166 1238 expelluntur,
1192 1149 1296 1218 nubes
1321 1146 1501 1236 decrescit,
1527 1171 1563 1222 ut
1587 1173 1628 1222 ex
1651 1141 1827 1242 conspeetu
1847 1176 1883 1223 e-

352 1246 511 1318 vanescat.
561 1242 727 1315 Interdum
758 1245 861 1313 nubes
887 1243 1103 1338 dillipantur,
1136 1245 1269 1338 quando
1303 1243 1531 1332 adscendunt,
1563 1270 1623 1340 per
1646 1250 1754 1320 a'e'rem
1779 1250 1883 1330 distri·
1997 1315 2000 1322 .

351 1345 514 1430 buuntur,
539 1361 575 1413 ut
598 1339 687 1412 fimul
716 1360 792 1410 cum
814 1362 857 1412 eo
884 1342 1090 1433 pelluceant,
1116 1362 1193 1412 cum
1218 1363 1338 1432 nempe
1365 1363 1503 1432 vapores
1524 1367 1544 1414 a
1564 1346 1660 1416 radiis
1691 1345 1765 1418 solis
1792 1349 1882 1419 illus·

354 1462 493 1526 trantur,
520 1458 752 1521 attenuantur,
784 1431 821 1508 ds
850 1436 934 1528 pluri
964 1437 1171 1510 eledlticitate
1194 1442 1394 1536 cinguntur:
1426 1439 1503 1511 ideo
1534 1441 1726 1534 plerumque
1753 1448 1879 1518 oriente

351 1537 420 1610 sole
444 1559 536 1608 motu
560 1531 731 1619 uniformi,
758 1554 814 1605 aut
836 1530 871 1606 dt
892 1536 1106 1627 praetapido,
1143 1537 1237 1607 altius
1261 1536 1479 1622 adscendunt,
1505 1537 1596 1630 cujus
1622 1539 1707 1610 tellis
1733 1541 1880 1622 oculatus

351 1634 414 1708 suit
436 1633 640 1730 Bouguetius
664 1630 758 1726 (a).
784 1625 861 1702 Hoc
882 1633 986 1702 modo
1009 1632 1146 1702 nubesa
1166 1633 1233 1702 sole
1257 1632 1363 1704 striiia
1382 1634 1509 1706 sumum
1525 1633 1741 1732 adsurgentem
1762 1638 1881 1708 edidis·

351 1731 408 1817 se,
442 1729 477 1804 dt
502 1736 536 1802 io
560 1730 690 1801 altiores
710 1729 815 1800 nubes
836 1729 916 1800 verti
938 1727 1002 1800 visa
1023 1726 1095 1799 suit.
1148 1727 1352 1818 Dissrpantot
1376 1733 1472 1802 etiam
1501 1734 1605 1805 nubes
1626 1734 1711 1806 aeris
1734 1734 1881 1826 pondere

351 1833 466 1916 auito,
491 1849 559 1899 tum
583 1829 669 1898 enim
695 1823 910 1910 adscendunt,
937 1844 973 1895 ut
992 1845 1068 1895 cum
1094 1827 1170 1896 aire
1194 1824 1350 1915 superiori
1375 1823 1410 1894 dt
1427 1831 1538 1898 rariori
1555 1833 1589 1899 in
1604 1831 1789 1920 aequilibrio
1800 1831 1880 1915 srnt3

348 1928 391 1995 ita
417 1947 475 2017 per
500 1946 617 2015 putum
640 1924 828 1994 transvedlae
851 1923 959 1995 adrem
993 1919 1191 2008 solvuntur,
1226 1925 1260 1992 in
1292 1939 1361 2011 quo
1391 1921 1615 1995 insenflbiliter
1649 1925 1880 2001 delitescentes

349 2043 391 2092 ex
411 2023 584 2114 conspeetu
607 2017 812 2090 evanescunt.

398 2147 431 2244 q.
456 2137 810 2217 MMCCCXXXIX.
836 2135 1032 2230 Plerumque
1054 2138 1159 2210 nubes
1186 2157 1344 2228 apparent
1358 2139 1460 2222 albae,
1486 2135 1623 2229 qr‘tatum
1641 2161 1749 2230 partes
1771 2144 1880 2220 iucem

347 2245 420 2317 solis
442 2263 508 2312 non
531 2237 706 2329 separatam
728 2240 762 2308 in
783 2235 914 2307 colores
939 2234 1179 2320 repercutiunt:
1207 2232 1260 2299 sed
1280 2252 1518 2322 nonnunquam
1543 2238 1648 2306 nubes
1669 2238 1798 2311 divetsrs
1817 2240 1880 2313 sus·

344 2341 437 2414 sestae
459 2337 607 2406 videntur
632 2332 800 2400 coloribus
821 2350 832 2411 ς
857 2327 927 2396 aliae
952 2325 1024 2396 sunt
1045 2324 1164 2410 suscae,
1190 2326 1260 2396 aliae
1283 2327 1403 2421 nigra,
1431 2327 1541 2416 quales
1563 2330 1646 2412 illae,
1668 2337 1802 2419 quando
1827 2355 1880 2407 to·

345 2459 424 2518 nat,
450 2452 524 2522 quae
547 2426 652 2496 lucem
681 2426 714 2493 in
732 2422 763 2492 sc
778 2423 929 2506 sorbent,
953 2423 1006 2492 vix
1025 2423 1229 2494 reverberant
1246 2445 1314 2514 praa
1331 2425 1457 2494 raritate
1474 2419 1509 2494 dt
1527 2427 1666 2514 partium
1691 2429 1879 2506 inordinato

345 2537 424 2604 fitu:
450 2545 563 2610 mane,
582 2519 616 2594 dt
632 2520 754 2613 vesperi
769 2523 913 2608 oriente,
931 2515 1155 2593 &occidente
1171 2518 1249 2591 Sole
1265 2522 1369 2592 nubes
1392 2523 1497 2592 tubrae
1512 2541 1690 2614 apparent,
1715 2547 1789 2615 qua
1807 2528 1876 2600 sole

344 2625 509 2699 horizonti
544 2621 700 2712 propiore
737 2618 886 2690 videntur
913 2616 1095 2705 violacea,
1129 2638 1208 2688 atrox
1235 2618 1413 2689 coeruleae:
1453 2617 1641 2692 bicolores
1673 2623 1821 2696 oriuntur
1854 2625 1876 2702 a

345 2726 421 2797 luce
445 2722 519 2792 strin
544 2739 620 2790 ente
645 2716 822 2806 pellucidae
844 2734 1003 2806 vaporum
1027 2713 1220 2807 spherulas,
1245 2736 1300 2786 eas
1313 2717 1473 2800 intrante,
1497 2715 1615 2788 deinde
1631 2716 1769 2807 reflexa,
1794 2742 1876 2794 mort

344 2840 485 2892 exeunte
511 2741 545 2887 d
569 2813 702 2887 resradia
724 2815 758 2883 in
783 2811 933 2894 colores,
959 2832 1100 2903 quotum
1117 2832 1205 2884 nunc
1228 2813 1339 2894 rubri,
1364 2833 1453 2881 nunc
1476 2812 1632 2895 violacei,
1657 2837 1745 2886 nunc
1767 2838 1877 2890 eteru-

346 2919 388 2988 lei
416 2920 518 2990 aciem
538 2912 660 2983 feriunt
681 2931 744 3002 pro
769 2913 854 2984 varia
883 2908 957 2981 solis
979 2907 1166 2994 altitudine,
1191 2907 1286 2978 simili
1310 2907 1511 2998 aliquantum
1535 2909 1638 2980 modo
1659 2913 1749 2983 acin
1768 2912 1874 2999 iride,

345 3018 393 3086 uti
418 3014 498 3086 insta
518 3028 735 3101 exponemus.
785 3005 838 3076 Ex
860 3008 899 3077 iis
922 3004 1135 3101 intelligitur,
1161 3025 1262 3096 quare
1284 3005 1388 3074 nubes
1413 3026 1548 3094 quoque
1573 3007 1689 3078 virides
1719 3029 1876 3103 appatere

342 3111 481 3204 posint,
507 3106 618 3201 quales
640 3103 822 3176 Frezietius
847 3104 880 3173 in
900 3103 1015 3173 itinere
1030 3103 1231 3190 Americano
1251 3099 1421 3192 spectavit,
1448 3096 1484 3171 dt
1510 3101 1684 3193 descripsit.

388 3235 420 3335 s.
447 3227 712 3306 MMCCCXL.
746 3226 859 3324 Quare
884 3227 1007 3300 sidente
1030 3225 1204 3302 Mercurio
1228 3228 1263 3297 in
1285 3225 1487 3316 horoscopio
1513 3225 1634 3297 coelum
1667 3224 1705 3296 fit
1733 3228 1874 3299 nebulo·

343 3334 433 3407 sumi
458 3334 512 3402 An
540 3351 610 3401 non
637 3329 712 3418 quia
743 3326 906 3397 subsidens
931 3323 1117 3396 Mercurius
1141 3328 1175 3396 in
1199 3324 1282 3395 tubo
1303 3321 1563 3413 Atmosphaeram
1594 3321 1665 3394 fieri
1693 3322 1872 3408 leviorem,

341 3433 601 3523 ineptioremqtre
627 3422 777 3519 gerendis
802 3422 956 3492 exhalatis
986 3420 1135 3505 indicat,
1166 3443 1242 3510 quae
1266 3419 1342 3490 ideo
1367 3422 1464 3491 etiam
1487 3418 1711 3504 descendunt,
1734 3418 1875 3514 conjun-

341 3548 482 3624 guntur,
506 3524 628 3591 coelum
654 3519 843 3601 nubemque
864 3536 1001 3599 opacam
1023 3513 1190 3586 formant?

391 3645 424 3743 §-
450 3630 734 3712 ntulcccxul.
759 3630 893 3703 Etiamsr
925 3651 1085 3722 vapores,
1115 3625 1151 3700 ds
1183 3627 1365 3714 anhelitus,
1390 3633 1446 3724 qui
1482 3632 1515 3703 in
1539 3636 1615 3704 aire
1637 3656 1782 3707 natantes
1804 3639 1876 3708 fors

342 3765 432 3818 mant
456 3738 605 3820 nubem,
640 3732 746 3804 sntin
771 3728 953 3821 aequilibtio
969 3749 1044 3799 cum
1068 3727 1173 3814 a'e're,
1206 3748 1274 3798 non
1301 3749 1408 3801 tamen
1424 3728 1556 3822 pondus
1580 3730 1780 3815 amiserunt;
1815 3731 1869 3803 sed

342 3845 412 3915 sunt
437 3855 531 3925 aeque
553 3850 695 3927 graves,
730 3848 768 3896 ac
792 3847 867 3897 cum
895 3845 989 3896 antea
1012 3822 1119 3895 malsae
1144 3825 1244 3896 unitae
1270 3845 1386 3895 erant:
1419 3828 1469 3896 uti
1488 3830 1575 3896 enim
1599 3848 1683 3918 aqua
1704 3849 1798 3919 aquae
1821 3827 1871 3898 af·

341 3941 436 4021 susa,
470 3930 506 4004 δι
538 3932 592 4000 ast
617 3927 683 3997 ariri
713 3920 830 3994 affusus
861 3921 991 4013 pondus
1021 3938 1141 4018 auget,
1175 3923 1221 3991 ita
1245 3942 1383 4013 vapores
1408 3923 1473 3994 adri
1505 3923 1620 3996 inniffi
1637 3926 1719 3996 ostis
1735 3925 1868 4015 pondus

341 4036 527 4131 augebunt:
573 4025 651 4096 idco
679 4017 893 4110 atmosphaera
924 4018 1060 4090 nubium
1089 4037 1227 4109 expers,
1254 4019 1334 4091 levis
1359 4023 1446 4108 erit3
1474 4023 1610 4093 nubium
1640 4021 1770 4114 plena,
1804 4024 1867 4094 erit

341 4135 480 4229 gravior.
1900 4117 1904 4124 '

392 4251 517 4346 Quanti
548 4243 702 4338 ponderis
735 4240 890 4333 quaelibet
916 4239 953 4309 srt
984 4240 1116 4321 nubes,
1150 4256 1300 4306 accurate
1331 4237 1457 4309 definiri
1489 4240 1629 4328 nequit,
1659 4244 1736 4332 quia
1762 4241 1866 4312 nubes

343 4352 468 4424 raritate
484 4341 663 4425 differunt,
695 4336 824 4411 &cum
852 4339 926 4410 aste
945 4333 1154 4408 diversrlstmae
1174 4335 1307 4404 raritatis
1330 4333 1399 4406 sunt
1415 4336 1449 4404 in
1465 4335 1657 4426 aequilibrio.
1692 4335 1741 4407 Ut
1759 4358 1867 4410 tamen

342 4445 464 4535 aliquid
489 4443 530 4511 de
553 4440 700 4530 pondere
720 4439 818 4509 nubis
839 4435 1077 4531 intelligamus,
1103 4432 1343 4524 supponamus,
1369 4431 1490 4503 nubent
1508 4435 1665 4524 componi
1684 4455 1726 4504 ex
1749 4435 1866 4508 decem

343 4543 487 4636 partibus
512 4536 595 4607 a'e'ris
622 4531 658 4604 δι
681 4554 745 4605 una
768 4556 858 4627 parte
881 4554 1058 4624 vaporum:
1093 4529 1307 4602 subducamus
1339 4527 1491 4615 calcu10,
1515 4533 1627 4622 quanti
1652 4532 1806 4622 ponderis
1829 4533 1869 4604 fit

344 4636 441 4712 massa
461 4634 559 4705 a'e‘rea
583 4634 618 4702 in
643 4650 682 4700 ea
706 4630 949 4730 magnitudine,
976 4652 1050 4724 quae
1072 4631 1167 4702 nubis
1191 4629 1257 4718 est,
1283 4627 1417 4721 ejusque
1446 4629 1602 4723 ponderis
1627 4628 1788 4704 decimam
1812 4653 1868 4702 ca·

1141 4789 1144 4795 .
1797 4748 1874 4822 pref

418 4928 477 5008 (a)
495 4928 617 5003 voyage
641 4938 676 4987 au
696 4921 792 4987 Petou
812 4939 877 5002 pag.
898 4939 1005 4987 xarrr.
