4992 6767
556 669 648 780 7282
751 657 844 747 DE
880 654 1093 744 Lucis
1131 655 1486 748 TRANSI‘TU
1525 652 1653 743 PER
1681 649 1895 754 ocULt
2019 689 2023 696 ·

556 859 649 942 ciet,
679 851 771 947 cujus
801 873 922 927 tremor
942 849 1089 928 nondum
1114 852 1245 943 penitus
1276 853 1447 925 cessaverat
1461 902 1484 937 ,.
1507 852 1721 941 quamobrem
1748 869 1873 923 tremor
1895 870 2101 929 renovantes:

556 956 627 1048 pari
649 955 748 1050 igitur
770 952 873 1022 modo
901 971 1016 1021 nervus
1046 952 1231 1019 tremiscere
1258 954 1384 1047 pergit,
1410 950 1492 1020 aest
1519 948 1741 1021 lucensrsunis
1765 949 1798 1020 in
1822 948 1942 1037 eodem
1964 955 2108 1042 patruo

558 1072 614 1124 aut
637 1051 714 1121 loco
739 1046 921 1119 mansisset:
954 1066 1095 1136 cumque
1122 1046 1208 1116 idern
1232 1048 1266 1114 in
1290 1051 1381 1117 omni
1402 1047 1526 1138 pundo
1540 1050 1610 1119 viae
1633 1068 1653 1117 a
1673 1043 1752 1116 sune
1777 1045 1910 1117 incenso
1933 1049 2102 1140 percursae

557 1149 671 1220 contin
696 1149 752 1232 it,
788 1145 928 1216 circulus
958 1161 1047 1214 mere
1070 1145 1191 1237 ignitus
1213 1146 1392 1233 apparebit.
1447 1143 1588 1234 Propter
1619 1142 1752 1214 firnilem
1781 1146 1942 1215 rationem
1966 1145 2103 1221 chordae

558 1245 646 1318 tensa
669 1168 704 1315 ξι
724 1242 871 1314 celeriter
893 1243 1022 1313 vibrata.
1047 1261 1116 1310 non
1141 1240 1244 1308 modo
1267 1244 1457 1335 geminata,
1492 1239 1546 1311 sed
1574 1240 1644 1335 ejus
1666 1237 1812 1313 craffitiei
1833 1236 1873 1311 dt
1896 1240 2006 1339 ligura
2030 1264 2096 1339 ap-

556 1362 669 1434 paret,
693 1361 733 1411 ac
756 1336 802 1410 est
826 1342 895 1424 via,
920 1357 1017 1427 quam
1041 1336 1151 1406 eundo
1178 1333 1216 1405 ds
1238 1339 1406 1411 redeundo
1430 1337 1592 1410 describit.

606 1438 654 1509 lta
683 1456 817 1528 quoque
842 1456 910 1505 non
932 1433 1079 1505 videntur
1103 1433 1198 1504 nobis
1221 1436 1401 1531 interrupte
1423 1437 1532 1533 legere
1547 1485 1570 1519 ,.
1583 1456 1641 1508 aut
1661 1439 1779 1510 intueri
1802 1433 1952 1529 objesia,
1975 1458 2105 1528 quam·

558 1539 607 1606 vis
635 1536 806 1605 continuo,
820 1531 984 1622 palpebris
1013 1531 1198 1601 niuiremus
1218 1528 1254 1601 dt
1275 1532 1392 1605 oculos
1417 1531 1631 1617 claudamus-3
1665 1534 1780 1604 celeris
1815 1554 1921 1606 autern
1948 1534 2108 1609 clausura.

559 1629 596 1700 dc
618 1649 768 1720 apertura
793 1628 883 1699 oculi
905 1625 1034 1719 efficit,
1050 1646 1086 1698 ut
1108 1648 1200 1698 mens
1218 1630 1333 1703 eadem
1357 1631 1504 1724 objeua,
1529 1652 1603 1724 quae
1628 1629 1831 1701 modo-anre
1853 1630 2014 1720 videbat,
2045 1637 2098 1707 vi·

541 1728 636 1798 ‚dere
662 1744 787 1820 pergat.
1217 1771 1220 1775 »

608 1821 758 1895 Fibrillas
779 1824 892 1894 rerinae
914 1820 1137 1894 vehementius
1160 1827 1339 1895 concitatas
1359 1824 1556 1917 aliquamdiu
1575 1824 1849 1909 contremiscere,
1874 1820 1909 1895 dt
1933 1830 2106 1918 temporiss

558 1918 702 1992 successu
722 1939 815 1991 motu
838 1921 946 1992 orbari
966 1939 1054 2011 paret
1080 1920 1139 1991 bac
1160 1920 1400 1993 observatione:
1427 1923 1449 1992 st
1472 1925 1543 2013 quis
1560 1920 1673 1990 Solem
1689 1921 1721 1988 in
1743 1921 1830 1990 coelo
1854 1924 2011 1995 nitentem
2029 1924 2093 1994 ali»

559 2019 724 2110 quamdiu¹
738 2019 873 2089 intuitus
897 2016 1021 2103 suerit,
1057 2017 1175 2088 deinde
1197 2018 1314 2090 oculos
1339 2020 1517 2101 clauserit,
1549 2017 1635 2087 Solis
1667 2018 1840 2110 imaginem
1864 2017 1921 2090 sub
1950 2021 2105 2091 maculau-

557 2119 664 2186 lorma
688 2113 800 2185 sentiet
822 2116 909 2184 rubri
934 2113 1077 2204 coloris,
1102 2136 1180 2184 mox
1205 2116 1300 2186 color
1319 2119 1399 2186 verti
1423 2115 1548 2186 videtur
1570 2116 1602 2183 in
1621 2112 1773 2192 flavum,
1797 2111 1850 2182 lric
1869 2116 1903 2183 in
1927 2117 2104 2202 viridem,

559 2213 690 2284 tandem
712 2215 746 2280 in
771 2209 969 2291 coeruleum,
995 2231 1063 2297 quo
1087 2230 1302 2281 evanescente
1323 2212 1404 2281 nibil
1426 2210 1563 2300 amplius
1587 2210 1775 2300 percipitur:
1801 2225 1934 2297 rumque
1959 2228 2088 2281 trenro-

558 2329 611 2378 res
638 2305 790 2380 desrnunt
821 2306 920 2398 (a.):
946 2304 1096 2395 adeoque
1121 2326 1165 2375 ex·
1184 2306 1245 2376 bac
1269 2307 1491 2378 observatione
1513 2310 1608 2377 etiarn
1632 2305 1819 2399 colligitur,
1839 2305 1944 2375 radios
1964 2307 2101 2381 rubros-

557 2401 831 2475 vehementissrme
861 2405 987 2494 operari
1007 2404 1041 2470 in
1067 2404 1225 2488 retinam,
1251 2405 1358 2473 radios
1384 2403 1484 2475 slavos
1505 2407 1631 2486 minus,
1656 2400 1819 2472 coeruleos
1838 2398 2000 2473 lenillime.

607 2498 655 2572 Et
677 2498 769 2570 ssmul
791 2498 956 2595 colligitur
979 2498 1066 2569 aliud
1092 2498 1193 2570 fimile
1215 2499 1488 2590 pbaenomenon3
1521 2521 1597 2570 cum
1623 2500 1711 2569 enim
1739 2495 1854 2587 aliquis
1878 2496 1910 2566 se
1929 2500 2085 2571 velocilli·

559 2599 672 2672 mein
697 2616 813 2692 gyrum
844 2598 1091 2678 circumvertit,
1124 2616 1159 2665 ut
1187 2617 1336 2688 tempore
1359 2601 1475 2678 minuti
1504 2597 1633 2667 secundi
1659 2614 1764 2666 totum
1794 2613 1909 2688 gyrum
1933 2593 2090 2666 coniece-

557 2697 627 2780 rit,
648 2696 771 2780 ¹omnia
792 2692 921 2784 objesia
942 2694 1118 2763 anrbientia
1140 2695 1305 2764 contrario
1332 2714 1426 2765 motu
1456 2692 1653 2766 circumferri
1682 2689 1827 2761 videbit.-
1860 2688 2031 2786 postquam
2056 2692 2105 2764 st

557 2793 804 2861 circumvettcre
839 2790 985 2875 deflerit,
1010 2810 1122 2861 cernet
1142 2792 1249 2862 adhuc
1273 2790 1469 2881 aliquamdiu
1491 2794 1524 2860 in
1547 2789 1722 2860 rotundum
1745 2787 1800 2882 agi¹
1821 2785 1978 2878 objecta,
2010 2792 2092 2881 quia

558 2906 681 2958 tremor
703 2885 827 2958 librillis
850 2888 978 2959 nerveis
997 2889 1108 2957 retinae
1131 2888 1321 2958 indusiusa
1348 2887 1454 2957 radiis·
1467 2886 1700 2977 objectorum,
1731 2904 1799 2955 non
1825 2886 1995 2975 externplo
2016 2907 2088 2959 ces·

429 2999 432 3005 ·
558 2982 626 3069 sat,
651 2982 715 3054 sed-
730 2982 929 3073 aliquamdiu
954 2983 1104 3070 perdurat
1114 3029 1137 3064 ,.
1152 2984 1239 3051 unde
1260 3001 1370 3051 motus
1398 2981 1601 3073 objectorum
1625 2978 1792 3072 perstitisse
1814 3001 1959 3071 apparet.

611 3081 665 3150 6·.
692 3077 766 3150 Cur
788 3082 821 3148 in
845 3079 985 3167 piscium
1011 3076 1187 3146 inultorum
1211 3072 1316 3146 oculis
1338 3076 1456 3147 humor
1476 3100 1598 3167 aqueus
1619 3078 1753 3159 deficit,
1777 3073 1815 3147 ἃ
1840 3076 1912 3148 lens
1935 3078 2089 3168 crystallii

558 3196 600 3245 na
623 3173 670 3242 est
692 3170 858 3267 globosa?
890 3173 965 3261 quia
986 3170 1107 3241 humor
1136 3192 1266 3262 aqueus·
1288 3171 1482 3245 animalibus
1507 3175 1565 3244 sub
1589 3196 1688 3264 aquae
1713 3172 1882 3263 superficie
1906 3177 2100 3248 natantibus-

556 3268 642 3339 foret
662 3265 802 3337 inutilis:
826 3266 906 3336 radii
935 3267 1021 3336 enim
1048 3286 1089 3336 ex
1115 3287 1199 3357 aqua
1221 3270 1255 3338 in
1283 3268 1454 3339 humorem
1478 3291 1619 3359 aqueum
1644 3269 1752 3359 allapsi
1780 3290 1848 3341 non
1872 3273 2095 3369 refringeren-

556 3384 627 3436 tur:
652 3383 689 3434 ut
709 3362 807 3458 igitur
828 3361 941 3448 Visro,
966 3383 1040 3454 quae
1063 3365 1103 3434 in·
1122 3364 1221 3435 oculo
1243 3364 1388 3436 humano
1413 3364 1529 3456 triplici
1553 3363 1748 3437 refractione
1772 3364 1830 3449 lit,
1853 3388 1872 3436 a
1895 3368 2022 3460 duplici
2052 3373 2093 3443 in

554 3463 700 3553 piscibus
725 3458 967 3543 absolveretur,
999 3459 1070 3531 lens
1094 3460 1200 3531 multo
1223 3464 1326 3556 magis
1339 3462 1559 3559 refringens,
1594 3483 1693 3552 quarn
1723 3463 1772 3532 in·
1791 3462 1906 3534 oculo:
1920 3465 2095 3554 humano,

556 3557 820 3629 desiderabatur:
851 3558 976 3629 idcirco
1000 3558 1075 3648 pilae
1107 3556 1201 3628 instar
1231 3558 1367 3652 globosa
1391 3558 1469 3643 est,
1504 3580 1573 3651 quo
1599 3560 1661 3643 fit,
1695 3579 1732 3629 ut
1761 3562 1856 3632 etiarn
1880 3563 1974 3654 plura
1995 3565 2092 3640 simul¹

556 3654 758 3747 speiientut:
783 3674 939 3747 praeterea
962 3654 1051 3725 oculi
1076 3656 1219 3746 piscium
1239 3654 1311 3727 liant
1331 3655 1517 3745 applanati,
1540 3677 1610 3727 non
1634 3655 1731 3727 instar
1753 3657 1854 3747 pila,
1879 3658 1958 3732 lenti
1979 3664 2094 3737 multo

555 3754 695 3844 propior
720 3752 767 3823 est
792 3753 894 3823 retina
917 3744 952 3819 dc
975 3770 1095 3821 cornea
1124 3750 1264 3840 planior.
1321 3750 1410 3823 Hinc
1433 3751 1626 3826 Urinatores
1649 3753 1706 3825 sub
1736 3775 1821 3845 aqua
1842 3759 2095 3834 omnia=vident

554 3848 714 3934 consula,
737 3848 795 3918 nisr
818 3844 1089 3936 amplificantibus
1112 3846 1299 3937 perspicillis
1323 3869 1463 3921 utantur.

609 3954 662 4037 7⁰.
686 3945 741 4014 An
765 3942 943 4015 nunidem
968 3939 1132 4033 objeilutn
1165 3940 1197 4012 C
1231 3944 1340 4017 oculo·
1360 3945 1475 4017 dextro
1498 3947 1526 4017 B
1552 3948 1743 4029 intuentes,
1775 3946 1947 4023 referimus
1964 3952 2006 4024 ad
2031 3954 2092 4028 lo··

558 4060 635 4115 cum
659 4030 717 4127 D,
743 4037 779 4112 dc
805 4039 906 4112 oculo
927 4038 1051 4112 sinistro
1075 4042 1109 4112 A
1133 4041 1415 4133 contemplantes,
1439 4044 1481 4115 ad
1504 4042 1703 4129 locum-E,
1724 4036 1763 4115 ,dt
1787 4045 1948 4119 ambobus
1973 4052 2094 4124 oculia-

559 4136 676 4226 limul,
700 4138 741 4211 ad
766 4137 877 4211 locum
901 4136 931 4208 F
956 4136 1184 4210 intermedium
1206 4140 1290 4211 inter
1314 4137 1349 4209 D
1376 4137 1411 4211 dc
1436 4140 1468 4213 E
1492 4142 1685 4231 referimus,
1716 4141 1791 4231 quia
1810 4138 1991 4231 judicamus
2016 4150 2092 4221 ob·-

556 4238 642 4333 Jeila
664 4235 728 4308 else
753 4239 787 4308 in
809 4259 848 4307 ea
873 4237 988 4320 tedia,
1021 4237 1054 4306 in
1078 4256 1143 4325 qua
1164 4233 1206 4306 ad
1230 4237 1348 4309 oculos
1374 4239 1454 4310 radii
1472 4240 1682 4324 allabuntur,
1712 4233 1860 4330 &mens
1884 4244 1978 4311 tacite
2002 4244 2095 4316 loca:

559 4335 616 4408 vifi
637 4334 756 4427 objedii
779 4332 814 4405 D
841 4327 932 4403 &E
957 4334 1109 4429 corrigit,
1134 4333 1349 4422 capiendos
1374 4336 1601 4408 intermedium
1620 4386 1645 4417 ,.
1669 4339 1703 4407 in
1727 4356 1795 4427 quo
1817 4338 1912 4408 resiae
1933 4359 1953 4408 a
1975 4343 2097 4413 retina.

558 4450 620 4521 per
641 4430 785 4504 medium
807 4431 913 4502 lentis·
926 4450 1015 4501 extra
1043 4427 1178 4501 oculum
1198 4428 1304 4501 duuae
1326 4434 1556 4506 concurrunt?
1587 4433 1621 4505 id
1645 4434 1667 4505 fi
1688 4453 1798 4507 vetum
1818 4432 1941 4520 suerit,
1972 4436 2097 4530 posset.-

461 4616 470 4626 .
557 4526 699 4623 intelligi
730 4548 829 4620 quare
858 4527 1020 4602 ambobus
1050 4525 1155 4600 oculis
1183 4526 1350 4619 objectum
1378 4532 1515 4622 intuiti,
1548 4531 1583 4605 id
1610 4531 1775 4628 simplex,
1806 4553 1879 4608 uon
1909 4537 2095 4633 geminum.

552 4640 738 4699 cernamus.
2051 4657 2053 4661 ’

1911 4762 1964 4863 ⁸3·
1986 4668 2102 4864 Qum

627 4937 752 5036 (tw
770 4944 848 5019 utre
866 4945 1206 5024 Mrmvltesturuum,
1226 4951 1299 5036 με,
1319 4952 1390 5032 289·
1409 4950 1510 5033 1470·
1558 4936 1569 4966 .·
1621 4959 1623 4964 .
