4992 6767
477 710 633 821 'm
875 694 1749 786 cnroecnrcu

601 918 652 992 3·.
676 896 726 967 Sit
745 892 895 979 mctalli,
927 912 982 965 aut
1002 893 1140 987 lapidis,
1164 895 1276 966 vitrive
1292 893 1473 986 superficies
1499 890 1631 972 scabra,
1662 887 1717 957 lux
1742 890 1835 959 inea
1862 887 1972 983 illapsa
1998 914 2082 986 quo·

552 991 730 1089 quoversus
745 992 965 1086 dispergetur:
990 989 1130 1083 poliatur
1152 990 1362 1082 superficies,
1388 988 1479 1082 quod
1506 986 1542 1056 lit
1569 987 1690 1079 asperis
1713 984 1924 1075 pulveribus,
1948 989 2087 1083 superfi-

551 1095 614 1165 ciei
637 1090 776 1162 maxima
807 1085 967 1158 scabrities
989 1091 1171 1172 minuetur,
1209 1087 1419 1158 nihilominus
1438 1084 1615 1155 admodum
1634 1083 1802 1172 inaequalis
1826 1081 1951 1174 semper
1975 1110 2089 1161 manet

556 1208 691 1281 propter
713 1184 884 1267 incisuras,
909 1206 990 1274 quas
1011 1184 1180 1276 pulvisculi
1202 1183 1370 1270 incidunt,
1395 1204 1463 1253 tum
1486 1202 1623 1273 propter
1644 1202 1745 1264 poros
1761 1184 1911 1269 corporis
1927 1185 1960 1254 in
1975 1185 2085 1277 super·

557 1286 647 1356 licie:
677 1282 886 1353 nihilominus
906 1279 1111 1376 levigatione
1132 1280 1346 1370 aliquousque
1363 1277 1498 1372 perusta
1520 1299 1556 1349 ut
1570 1276 1716 1348 incisura
1737 1279 1788 1348 vel
1802 1281 1855 1348 vix
1872 1280 1922 1350 vel
1937 1301 2004 1352 non
2022 1283 2088 1354 dis·

560 1382 666 1476 tingui
693 1399 833 1468 queant,
858 1381 1005 1466 corporis
1028 1376 1210 1468 superficies
1226 1375 1447 1468 resplendere,
1472 1373 1509 1447 ἃ
1523 1376 1630 1446 lucem
1649 1376 1798 1444 ordinate
1820 1379 2023 1459 reverberare
2037 1383 2087 1450 in·

555 1479 657 1569 cipit,
681 1495 781 1566 atque
803 1494 846 1543 eo
872 1473 1069 1556 ordinatius,
1095 1496 1163 1563 quo
1188 1472 1374 1565 superficies
1396 1470 1553 1566 perseslas
1574 1471 1770 1565 laevigationi
1786 1472 1831 1542 est
1844 1478 2004 1565 propior,
2023 1474 2085 1545 sul·

556 1578 654 1664 cique
669 1591 785 1640 omnes
802 1567 912 1661 redte,
938 1591 1141 1660 nequaquam
1161 1571 1334 1642 transverse
1348 1571 1461 1661 incid,
1484 1573 1526 1642 ab
1541 1570 1631 1640 hisce
1646 1570 1753 1652 enim,
1771 1568 1849 1640 licat
1860 1571 2087 1654 minutissimis,

498 1687 500 1694 ·
560 1669 704 1740 turbatur
729 1666 948 1755 decrescitque
978 1666 1156 1756 splendor:
1189 1667 1330 1760 persedla
1353 1690 1461 1740 autem
1482 1667 1624 1760 politura
1645 1661 1708 1733 elle
1728 1670 1863 1755 nequit,
1895 1688 1958 1738 nec
1979 1670 2087 1738 omnis

563 1765 645 1835 lucis
670 1763 816 1834 ordinata
841 1763 910 1832 sieri
936 1763 1138 1855 replicatio,
1167 1787 1303 1856 propter
1322 1764 1470 1836 soveolas
1492 1761 1527 1835 &
1551 1760 1701 1833 incisuras
1720 1779 1788 1831 non
1809 1764 2015 1857 abigendas,
2049 1763 2087 1833 dc

556 1883 635 1952 quae
658 1863 837 1930 accuratius
870 1862 1007 1932 intuenti
1029 1882 1242 1952 comparent:
1275 1864 1351 1934 ideo
1381 1866 1478 1933 etiam
1501 1878 1667 1948 nunquam
1686 1857 1713 1926 a
1735 1856 1867 1948 speculo
1888 1861 2090 1930 reverberata

559 1957 619 2028 lux
645 1975 730 2028 tanta
754 1955 932 2047 splendoris
955 1960 986 2028 vi
1013 1957 1138 2050 objedia
1161 1959 1339 2053 illuminat,
1364 1982 1461 2051 quam
1488 1979 1561 2049 quae
1585 1951 1711 2026 diredhe
1733 1955 1751 2022 d
1770 1954 1835 2025 sole
1853 1961 1885 2025 in
1909 1957 2023 2026 eadem
2039 1960 2088 2027 in·

466 2099 468 2110 ·
567 2053 699 2125 ciderit:
726 2055 880 2144 quoniam
904 2057 1001 2149 igitur
1021 2057 1053 2125 in
1069 2056 1212 2128 universa
1228 2057 1395 2148 superficie
1416 2054 1604 2147 splendente
1626 2049 1785 2122 scabritiea
1800 2051 1963 2143 superest,
1989 2048 2025 2122 ἃ
2039 2072 2091 2122 ta·

563 2173 639 2222 men
665 2149 797 2222 simula
821 2150 966 2242 plurimis
989 2151 1120 2222 redditis
1142 2154 1239 2224 radiis
1254 2156 1288 2223 in
1311 2153 1454 2242 aliquem
1477 2150 1600 2220 locum.
1614 2167 1746 2241 nngans
1775 2146 1813 2217 lit
1829 2147 2015 2236 splendor,
2032 2150 2088 2219 hic

564 2250 642 2318 oriri
666 2247 808 2338 nequit,
842 2246 898 2314 nili
929 2250 978 2324 vis
1001 2248 1149 2336 quaedam
1171 2269 1261 2320 extra
1280 2247 1481 2339 superficiem
1502 2243 1696 2337 splendentis
1718 2245 1941 2328 enarraverit,
1975 2245 2091 2316 radios

563 2341 691 2434 illapsos
722 2340 882 2433 reddens,
907 2362 1079 2432 antequam
1099 2342 1141 2412 ad
1167 2364 1274 2433 partes
1298 2342 1413 2415 solidas
1434 2344 1649 2435 pervenerint.
2070 2363 2076 2370 ·

625 2459 676 2530 4⁰.
703 2435 786 2508 llaec
811 2439 858 2507 vis
879 2439 965 2529 quast
988 2438 1187 2529 superficiem
1217 2441 1378 2531 quandam
1401 2440 1590 2521 virtualem,
1617 2439 1693 2508 licet
1711 2457 1781 2508 non
1800 2438 1935 2506 omnino
1952 2437 2083 2526 planant

568 2534 879 2608 &mathematicam
908 2533 1044 2620 famant,
1070 2557 1143 2627 quae
1160 2535 1266 2607 lucem
1300 2539 1498 2620 reverberat3
1523 2535 1579 2606 nifi
1602 2532 1771 2626 ejusmodi¹
1784 2532 1874 2624 quid>
1891 2534 1924 2601 in
1948 2530 2088 2622 speculis

566 2635 675 2704 vitreis
701 2631 808 2717 soret,
835 2653 909 2721 qua:
932 2632 1030 2718 veluti
1054 2653 1095 2703 ex
1118 2632 1264 2722 plurimis
1287 2633 1387 2705 stratis
1409 2633 1578 2705 solidarum
1593 2634 1732 2724 partium
1750 2627 1916 2712 constant,
1940 2631 2093 2698 innume-

568 2754 613 2802 rae
635 2727 837 2820 objeslorum
860 2723 1016 2822 imagines
1041 2728 1082 2799 ab
1102 2730 1153 2799 his
1174 2729 1275 2802 stratis
1297 2729 1508 2802 redderentur
1524 2779 1537 2816 ,
1552 2725 1606 2799 'dt
1629 2750 1697 2799 non
1724 2747 1847 2797 tantum
1872 2725 1944 2814 duae
1963 2723 1979 2816 ,'
2010 2729 2093 2815 quai

568 2847 641 2898 rum
664 2847 727 2896 una
750 2825 770 2893 i
794 2823 962 2916 superlicio
984 2827 1159 2913 amariori,
1182 2827 1282 2898 altem
1300 2849 1318 2897 a
1334 2829 1504 2919 posteriori
1525 2827 1665 2918 pendet:
1691 2815 1958 2920 substantiavitrl
1984 2815 2094 2916 media

568 2929 664 2995 etiarn
685 2920 825 3011 aliquam
849 2920 955 2992 lucem
978 2919 1139 3011 replicat,
1173 2945 1237 3014 qua
1261 2929 1422 3007 cernitur,
1447 2923 1501 2993 sed
1524 2926 1693 3016 exiguam,
1720 2918 1963 2990 &inordinate
1981 2915 2095 3008 repul-

423 3032 426 3039 '
569 3020 635 3091 sam
659 3039 678 3090 a
706 3019 849 3109 partibus
871 3019 1037 3088 nonnullis
1062 3018 1191 3102 solidis,
1222 3039 1431 3110 nequaquam
1454 3021 1612 3116 imagines
1637 3018 1841 3109 objet‘inrum
1862 3016 2093 3107 teptaesentan-

572 3138 652 3189 tem.
2085 3151 2093 3192 v

628 3230 680 3302 5⁰·
712 3208 788 3280 Nec
820 3229 996 3297 corporum
1027 3207 1210 3297 superficies
1236 3208 1397 3300 pollerior
1425 3209 1532 3284 lucem
1557 3210 1726 3294 redemit,
1758 3210 1813 3281 sed
1836 3211 1884 3281 vis
1905 3208 2096 3300 attraham,

524 3361 526 3366 .
572 3329 647 3398 quae
673 3304 779 3374 radios
805 3303 946 3397 agnellos
965 3304 1006 3374 ad
1029 3324 1149 3394 corpus
1172 3307 1377 3391 retrotrahit,
1403 3327 1440 3379 ut
1459 3310 1613 3394 redeant,
1638 3311 1754 3378 vittam
1778 3307 1890 3377 denuo
1913 3306 2096 3401 ingredian-

570 3422 652 3486 tur,
685 3397 720 3470 ἂ
743 3420 784 3468 ex
808 3403 958 3471 anteriori
983 3399 1137 3492 superfice
1146 3422 1293 3486 exeant,
1325 3404 1423 3476 veluti
1437 3405 1734 3496 representavimus
1755 3406 1788 3473 in
1810 3403 1896 3473 Tab.
1923 3401 2090 3474 XXXVl.

574 3499 649 3593 Fig.
674 3518 708 3589 9.
737 3555 743 3565 .
769 3494 857 3567 Nam
880 3497 1038 3587 pollerior
1060 3497 1141 3569 lucis
1164 3498 1332 3591 replicatio
1354 3501 1417 3571 five
1437 3501 1582 3576 recursus
1606 3501 1670 3583 fit,
1704 3499 1834 3570 stmulac
1857 3499 1929 3571 haec
1952 3500 2094 3590 obliqui·

568 3618 625 3677 us,
659 3616 756 3686 qaam
783 3593 839 3664 sab
858 3595 979 3689 angulo
1006 3618 1064 3688 4⁰·
1089 3596 1141 3669 vel
1167 3621 1229 3686 41.
1251 3597 1341 3693 grad.
1364 3618 1406 3670 ex
1429 3602 1512 3671 vitro
1534 3603 1569 3670 in
1593 3601 1720 3681 adrem,
1746 3616 1801 3667 aut
1820 3599 1853 3667 in
1872 3619 2013 3668 vacuum
2028 3597 2094 3666 esi·

574 3713 643 3765 ret:
675 3694 806 3782 concipi
830 3693 940 3762 animo
964 3697 1101 3783 nequit,
1127 3695 1466 3772 asremzrarilhmum
1494 3695 1653 3788 liuidum,
1678 3715 1779 3786 poros
1809 3696 1881 3764 vitri
1905 3692 2096 3770 obturasse·

576 3812 654 3878 cpm
683 3790 789 3859 hrcem
821 3790 853 3857 in
887 3791 1004 3858 minori
1039 3790 1230 3880 obliquitate
1248 3791 1399 3883 allapsam
1422 3796 1636 3864 transmittat:
1670 3813 1780 3863 verum
1810 3794 1865 3861 ast
1892 3789 2096 3879 nihilfecit,

578 3890 654 3977 quia
680 3884 753 3952 Lux
777 3882 890 3952 fortius
913 3906 932 3951 a
957 3883 1080 3969 lene,
1105 3907 1277 3976 campanae
1291 3889 1448 3959 exhaustae
1458 3891 1636 3978 impostd,
1661 3891 1765 3973 redit,
1788 3891 1961 3978 minusque
1983 3890 2097 3957 vitrum

578 4002 743 4073 pemtcare
774 3975 808 4047 δι
832 4000 1020 4070 campanam
1039 3983 1167 4077 ingredi
1184 3985 1328 4068 videtur,
1354 4006 1449 4076 quam
1471 4008 1546 4056 cum
1571 3985 1659 4057 Lens
1684 3987 1925 4056 iibeeeabaere
1941 3987 2096 4055 inrotun·

577 4077 659 4149 dum
679 4078 835 4147 ambitur:
861 4079 893 4147 in
918 4078 1018 4148 vacus
1041 4080 1199 4172 campani
1225 4081 1305 4151 nihil
1329 4084 1395 4167 est,
1420 4084 1510 4174 quod
1534 4085 1606 4154 vitri
1631 4105 1733 4173 poros
1758 4085 1860 4176 magis
1884 4081 2075 4152 obstrueret

626 4174 693 4245 Sed
717 4193 849 4263 quoque
869 4197 936 4246 non
960 4198 979 4246 a
999 4178 1140 4266 partibus
1164 4180 1236 4249 vitri
1262 4178 1399 4266 solidis,
1430 4203 1505 4272 quae
1528 4182 1599 4252 sunt
1627 4187 1658 4252 in
1682 4180 1808 4270 postici
1833 4178 2030 4269 superficie,
2062 4175 2095 4246 ht

579 4273 768 4363 replicati03
796 4275 869 4359 quia
884 4275 987 4359 aqud,
1012 4274 1106 4358 oleo,
1131 4275 1182 4347 vel
1198 4275 1263 4346 alio
1279 4280 1383 4361 vitro,
1409 4277 1585 4366 superficiei
1604 4280 1772 4371 posteriori
1785 4277 1953 4367 apposito,
1979 4297 2050 4346 non
2064 4272 2097 4345 ht

583 4370 665 4448 lucis
688 4370 876 4458 replicatio,
903 4368 956 4439 sed
982 4371 1125 4442 transitus
1146 4377 1179 4444 in
1202 4396 1321 4463 aquam
1346 4376 1396 4444 vel
1417 4375 1543 4445 oleatm:
1567 4397 1723 4465 praeterea
1743 4376 1784 4444 ab
1800 4373 1958 4464 impostis
1972 4391 2098 4444 memo·

583 4469 656 4536 ratis
680 4485 786 4555 partes
808 4464 916 4538 solidae
932 4468 965 4536 in
991 4467 1155 4557 superficie
1177 4492 1246 4541 non
1270 4471 1510 4554 suarattaratae,
1535 4493 1597 4543 nec
1622 4477 1694 4564 pori
1719 4474 1877 4543 obturati:
1903 4471 1981 4560 quid
2004 4473 2100 4565 igitur

584 4562 774 4631 mutatum?
808 4560 944 4633 Virtutis
965 4566 1148 4639 attrahentis
1169 4570 1253 4638 aslio
1280 4566 1382 4659 major
1407 4572 1439 4640 in
1463 4570 1567 4653 vitr0,
1600 4591 1696 4658 quam
1722 4571 1755 4640 in
1785 4571 1878 4647 adm,
1903 4569 2101 4651 imminuta,

582 4658 633 4740 vel
655 4660 778 4728 turbata
800 4681 933 4750 propter
957 4665 1020 4734 vim
1043 4666 1254 4739 attrahentem
1277 4689 1388 4758 aquae,
1412 4667 1502 4750 olei,-
1525 4667 1576 4745 vel
1591 4668 1718 4738 alterius
1734 4671 1803 4738 vitri
1812 4665 1978 4754 pppofiti,
2004 4663 2100 4746 lecit,

584 4773 621 4869 ut
651 4751 787 4851 ingressa
814 4755 870 4830 lux
900 4762 934 4830 in
962 4762 1088 4856 vittuan
1109 4785 1195 4836 nunc
1219 4769 1304 4838 reeta
1326 4767 1506 4853 maistin
1531 4767 1735 4857 existitque,
1768 4785 1836 4838 non
1865 4782 1974 4834 autem
1998 4761 2103 4833 redie-

581 4872 634 4927 nt.
648 4943 789 5025 Reditus
814 4955 913 5079 igitur
940 4955 1022 5028 lucis
1047 4957 1069 5031 a
1094 4962 1179 5035 vitro
1196 4925 1647 5062 corpoeilataqtaepellucidis
1665 4964 1790 5057 duplex
1808 4963 1873 5039 est:
1895 4960 2090 5125 quieniutsu
