4992 6767
547 673 635 780 ra„
929 663 973 754 ι)
1055 657 1105 745 a·
1249 652 1415 742 An
1496 654 1538 736 ιι
1618 647 1676 735 rr·

599 855 632 957 h.
658 849 855 930 MMLXll.
881 849 970 948 Quia
993 851 1180 946 Philosophi
1207 848 1298 922 fluidi
1319 849 1405 922 circi
1432 863 1538 937 parter
1567 840 1762 916 diversarum
1787 843 1852 916 esse
1875 847 2074 931 tenuiumnr

552 977 623 1032 non
646 974 767 1026 temere
796 951 940 1043 suspicati
971 951 1068 1037 sunt,
1099 971 1198 1043 arque
1223 943 1535 1039 alicujus‘corpotia
1563 961 1666 1034 poros
1698 943 1871 1036 ampliore:
1903 969 2074 1040 permeare

416 1073 431 1094 ‘
550 1051 658 1147 pollet
678 1073 752 1145 pars
776 1049 931 1134 crassior,
956 1053 1008 1121 cui
1032 1050 1176 1120 transitus
1201 1064 1373 1140 negaretur
1396 1062 1456 1132 per
1483 1059 1623 1130 corpora
1643 1059 1685 1111 an
1711 1039 1864 1112 usliomm
1889 1065 2070 1135 potorum:

550 1153 630 1226 ideo
656 1151 877 1241 experimenta
901 1168 976 1218 cum
1002 1144 1234 1236 hemispheriis
1261 1141 1446 1212 memoratis
1470 1134 1669 1227 capiendae
1695 1138 1814 1208 eduxi
1837 1139 1982 1232 sequenti
1998 1167 2071 1220 mo-

552 1250 618 1322 do:
643 1248 776 1318 lantinas
800 1243 868 1314 fieri
892 1246 1000 1326 curavi
1024 1242 1156 1334 planus,
1181 1259 1327 1330 quartam
1349 1234 1477 1328 pollicit
1502 1253 1625 1326 partem
1647 1232 1761 1306 crassae
1785 1257 1827 1306 ex
1850 1235 1968 1327 Virro,
1992 1241 2072 1318 Fer·-

551 1369 615 1430 ιο,
640 1343 725 1414 AEre
746 1340 856 1424 fulvo,
884 1339 1007 1410 Statano
1027 1338 1203 1433 ‘Anglico‚
1236 1333 1378 1406 Plumbo
1402 1331 1564 1416 Sentice,
1595 1330 1797 1416 Bismutho,
1822 1335 1949 1423 Zinco,
1973 1337 2066 1416 Mar-

550 1463 645 1513 more
669 1439 744 1510 albo
791 1435 925 1518 Ebore,
950 1432 1075 1526 Lapide
1095 1432 1268 1519 caeruleo,
1292 1432 1410 1524 quibua
1437 1425 1695 1518 hemisphaerium
1718 1431 1939 1506 orichalceum
1960 1439 2068 1530 impo-

551 1541 718 1616 uebatur,
750 1489 785 1604 be
821 1535 968 1623 apprime
997 1531 1101 1604 limbo
1123 1531 1336 1626 congruebat.
1385 1525 1423 1596 ln
1447 1525 1496 1594 his
1516 1528 1746 1614 experimentis
1766 1531 1889 1601 attendi
1917 1531 1958 1602 td
1980 1535 2070 1606 duo:

551 1629 710 1704 elicitus:
741 1649 790 1700 1⁸.
813 1631 869 1699 An
896 1649 1140 1720 penetrarentur
1162 1627 1203 1698 ab
1228 1625 1303 1698 aire
1323 1621 1454 1696 diversa:
1478 1622 1667 1695 tenuitatis?
1694 1641 1748 1693 ιο.
1772 1619 1933 1720 Quenam
1956 1631 2070 1704 cohae.

550 1730 655 1800 centia
676 1746 696 1798 a
719 1723 826 1818 pressu
848 1726 1063 1796 incumbentis
1081 1725 1166 1798 adria
1190 1719 1437 1794 observaretur?

597 1823 736 1896 Lumina
762 1823 794 1892 h
828 1822 924 1912 planu
947 1821 1095 1912 imposita
1125 1819 1187 1894 suit
1207 1817 1432 1910 hemispherio
1455 1814 1510 1899 B,
1542 1816 1575 1883 in
1595 1814 1773 1887 rotundum
1800 1819 1981 1892 circumlita
2002 1821 2069 1896 fult

403 1942 631 1999 rennncera
656 1919 792 2004 mollis,
824 1918 972 1990 adversus
995 1919 1080 1990 a'e'ris
1113 1920 1309 2001 introitum,
1341 1911 1568 2003 hemisphaerio
1588 1908 1750 1984 adnexum
1771 1911 1833 1986 suit
1857 1917 2069 2008 epistomlum

404 2010 456 2075 ¹³⁸·
475 2027 500 2068 ³·
555 2021 613 2092 C:
645 2018 700 2089 hic
724 2034 895 2108 apparatus
920 2035 987 2106 ope
1013 2015 1161 2086 cochleae
1185 2033 1354 2088 connexu:
1384 2009 1446 2082 fuit
1469 2026 1546 2078 cum
1575 2006 1684 2080 tabule
1712 2009 1818 2082 antlia:
1844 2019 2066 2104 pneumatice

547 2115 613 2192 D:
639 2113 739 2185 index
763 2109 969 2182 Mercurialis
992 2133 1069 2182 cum
1096 2111 1177 2182 scala
1208 2112 1241 2180 in
1263 2110 1396 2200 exiguas
1418 2101 1666 2202 permaduisse,
1700 2119 1768 2176 erat
1795 2109 1829 2177 in
1852 2107 1915 2196 E,
1951 2131 1989 2182 ur
2012 2113 2069 2188 vel

544 2215 718 2296 minimum
741 2210 911 2300 irrepentis
932 2208 1019 2276 adris
1042 2207 1201 2278 observari
1226 2199 1348 2293 posset:
1373 2200 1514 2291 primum
1546 2200 1641 2294 igitur
1669 2201 1913 2274 exleuticbatur
1931 2209 1995 2278 a‘e'r
2018 2231 2065 2279 ex

545 2307 773 2400 hemispherio
799 2303 827 2374 B
852 2321 1009 2394 quantum
1032 2304 1160 2392 potuit,
1185 2299 1357 2369 notabatur
1376 2295 1534 2368 Mercurii
1555 2297 1596 2366 in
1619 2293 1729 2368 Indice
1750 2295 1783 2368 E
1806 2299 1963 2390 superstes
1986 2303 2062 2372 alti·

548 2405 654 2491 tudo,
680 2421 749 2476 tum
776 2399 983 2491 epistomium
1012 2397 1119 2470 antlioe
1141 2393 1283 2470 clausurn
1305 2392 1397 2478 fuit,
1431 2411 1582 2464 manente
1608 2391 1795 2485 Caperto,
1825 2413 1864 2464 ut
1888 2415 2070 2486 apparatus

544 2497 747 2576 ABCDE
772 2497 829 2566 fibi
855 2495 914 2566 soli
944 2498 1218 2566 committeretur:
1243 2490 1446 2562 elabentibus
1470 2489 1584 2586 viginti
1611 2491 1743 2566 minuti:
1772 2490 1998 2578 attendebam,
2022 2515 2066 2566 arr

544 2599 738 2676 Mercurius
761 2596 796 2665 in
821 2591 933 2664 lndicc
957 2590 989 2662 E
1014 2591 1066 2664 vel
1087 2590 1245 2662 tantillum
1261 2586 1484 2660 adscenderet:
1508 2584 1736 2670 adscendisset,
1760 2585 1938 2660 silluidum
1962 2589 2068 2661 elalli·

544 2717 625 2770 cum
649 2691 772 2784 poro's,
798 2709 943 2773 meatur,
967 2688 1020 2760 vel
1042 2693 1136 2764 rima:
1150 2687 1301 2769 laminae,
1325 2684 1559 2776 hemispherii,
1582 2683 1794 2774 epistomiiC
1817 2683 1869 2774 rel
1886 2684 2007 2758 indicis
2033 2687 2065 2762 E

544 2787 757 2886 pennensem
782 2787 817 2858 id
846 2787 935 2856 enim
963 2783 1115 2876 preslislet
1145 2782 1348 2855 Mercurium
1377 2784 1412 2850 in
1440 2781 1553 2850 Indice
1584 2779 1618 2848 E
1648 2780 1898 2854 vehementius:
1930 2803 2066 2858 evenma

545 2889 698 2960 omrrium
719 2885 1016 2975 experimentorum
1041 2882 1075 2954 hi
1101 2881 1241 2950 suerunt:
1270 2878 1334 2950 sive
1357 2874 1477 2947 lamina
1500 2877 1534 2946 A
1564 2874 1661 2946 suerit
1682 2897 1725 2946 eu
1748 2875 1876 2966 Ferro,
1901 2877 2063 2967 Plumbo,

546 2987 700 3067 Stanno,
725 2979 812 3052 AEte
827 2978 940 3060 fuluo,
966 2979 1096 3059 Zinco,
1120 2971 1310 3056 Bismutho,
1335 2971 1527 3057 Marcahta,
1552 2971 1667 3058 Virro,
1691 2971 1828 3070 Ebore,
1850 2973 1980 3068 Lepide
1995 2997 2062 3050 cte·

545 3081 663 3164 rideo,
687 3079 747 3146 aiir
770 3094 810 3142 ex
825 3070 1051 3161 hemispherio
1073 3090 1167 3161 arque
1190 3089 1339 3154 accurate
1360 3073 1468 3160 potuit
1490 3069 1668 3153 exhauriri,
1694 3089 1732 3142 ut
1749 3071 1952 3146 descenderit
1972 3071 2064 3149 Met·

544 3179 657 3248 curius
680 3173 714 3240 in
739 3168 851 3239 Indice
878 3167 910 3238 E
935 3168 977 3237 ad
1004 3167 1140 3238 eandem
1163 3185 1298 3247 notam,
1331 3160 1589 3240 &elabentibus
1611 3169 1646 3237 in
1667 3189 1870 3262 quocunque
1890 3175 2066 3244 tentamine

466 3265 469 3270 ’
545 3291 608 3342 eo.
630 3263 783 3348 minutia,
807 3261 896 3336 nulla
913 3265 1049 3334 mutatio
1070 3265 1103 3335 in
1121 3262 1233 3336 Indice
1255 3264 1410 3357 contigit:
1433 3264 1585 3354 adeoque
1605 3262 1686 3334 nihil
1706 3265 1841 3358 alicujus
1866 3265 1959 3340 fluidi
1982 3269 2064 3342 elat-

547 3365 624 3448 tici,
649 3359 742 3452 quod
764 3380 805 3429 ex
828 3357 897 3429 ullo
924 3353 1049 3431 effestu
1067 3358 1223 3455 cognosci
1247 3361 1376 3449 pomit,
1401 3361 1522 3430 interea
1551 3381 1652 3450 poros
1677 3360 1877 3434 lamellarute
1903 3385 2064 3438 memore·

545 3479 650 3534 tarum
675 3455 886 3549 perreptavit:
911 3475 1052 3529 attamen
1078 3478 1153 3529 cum
1173 3453 1343 3526 marmori:
1365 3455 1452 3543 albi,
1476 3456 1593 3550 politi,
1624 3455 1758 3549 aequalia
1779 3461 1904 3553 ubique
1924 3461 2064 3536 suhdu-

544 3560 611 3643 cis,
635 3555 753 3626 lamina
779 3551 1006 3644 hemispherio
1025 3553 1086 3626 suit
1115 3552 1232 3637 adlita,
1258 3570 1407 3644 ternpore
1434 3575 1492 3624 20.
1517 3557 1718 3626 minutorum
1741 3553 1943 3648 aliquantum
1967 3558 2063 3634 fluidi

544 3651 668 3726 elastici
697 3651 841 3744 irrepsrt,
866 3650 1080 3724 adscendente
1104 3649 1275 3722 Mercurio
1301 3652 1335 3722 in
1363 3649 1475 3721 lndice
1498 3649 1550 3737 E,
1576 3647 1698 3742 &quo
1722 3652 1844 3726 diutius
1862 3655 2062 3748 exspectavi,

543 3751 620 3847 plus
643 3751 726 3820 aeris
744 3749 916 3819 introibat:
943 3749 1029 3816 idem
1051 3750 1158 3816 evenit
1180 3748 1214 3816 in
1238 3748 1380 3836 repetito
1399 3751 1558 3818 examine.

594 3845 654 3916 Est
677 3849 687 3912 i
713 3847 774 3912 itur
800 3843 854 3914 hic
879 3844 1001 3932 primus
1035 3861 1168 3912 eventus
1196 3844 1520 3931 experimentorum,
1556 3865 1631 3934 quae
1654 3865 1698 3916 eo
1727 3846 1831 3940 scopo
1861 3847 1951 3926 fasta
1973 3851 2046 3926 sunt

544 3962 584 4018 ιιι
606 3866 862 4022 admiremus,
883 3957 926 4008 an
948 3957 1049 4027 poros
1072 3935 1305 4022 Metallorum,
1330 3937 1644 4025 Semirnetallorum,
1668 3939 1770 4032 Vitri,
1794 3943 1938 4034 Eboeia,
1963 3901 2066 4044 12th

544 4039 597 4112 dis
621 4035 756 4109 coerulei
776 4054 956 4127 permearet
977 4035 1037 4107 a'e'r
1060 4033 1214 4121 craffior,
1246 4054 1301 4105 aut
1330 4033 1477 4118 fluidum,
1495 4040 1572 4109 aere
1595 4041 1745 4128 tenuas,
1780 4043 1870 4134 quod
1896 4044 2067 4120 observari

543 4131 672 4233 posset,
696 4151 753 4205 aut
774 4129 909 4204 effectus
931 4130 1066 4220 ederet,
1090 4134 1202 4225 quiin
1232 4131 1339 4206 sensus
1366 4134 1575 4208 incurrerent.

594 4263 629 4435 ξ.
654 4259 876 4336 MMLXlll.
901 4257 1006 4357 Quod
1031 4258 1156 4355 rpeen
1178 4259 1354 4338 secundum
1377 4261 1642 4356 phenomenon,
1666 4280 1788 4356 nempe
1812 4263 1991 4362 appreffum
2007 4265 2068 4338 he·

544 4368 592 4438 mi
605 4361 717 4462 phaeril
742 4361 826 4431 enei
846 4357 889 4430 ad
912 4363 1022 4431 omnia
1051 4379 1228 4432 memorata
1252 4363 1285 4432 in
1310 4359 1342 4458 5.
1370 4360 1477 4434 2061.
1502 4355 1538 4429 bt
1564 4361 1671 4432 2062.
1695 4383 1857 4458 corpora:
1880 4365 1995 4436 lterum
2018 4363 2068 4434 la·

543 4453 965 4645 lllt'lltlllrll
983 4456 1394 4626 llihhllmllll?
1416 4456 1584 4628 salal:
1607 4457 2067 4652 {iiiiff‘istiirffihh’

1165 4604 1178 4640 ,
2053 4585 2069 4610 0

547 4654 590 4724 tie
612 4673 671 4746 par
701 4650 827 4742 copia,
857 4671 1006 4724 accurate
1035 4651 1196 4736 mundate
1226 4650 1358 4724 suerunt
1391 4649 1573 4745 superficies
1602 4651 1796 4727 laminarum
1825 4651 1864 4728 bt
1890 4655 2073 4730 limborum

546 4745 781 4846 hemispherii:
804 4746 925 4820 eduoo
942 4750 1040 4836 adra,
1070 4767 1228 4842 quantum
1247 4747 1316 4822 sieri
1332 4769 1478 4846 poteret,
1504 4747 1540 4821 dt
1561 4748 1670 4822 clauso
1693 4753 1867 4849 epistomio
1889 4751 1945 4841 C,
1970 4771 2070 4852 appe

546 4865 633 4922 nnat
652 4849 696 4920 ab
718 4843 814 4920 cadit
836 4844 1020 4940 sejunctus,
1046 4843 1082 4918 bc
1109 4847 1226 4921 lamina
1248 4848 1282 4920 A
1307 4849 1426 4921 tabulae
1449 4846 1561 4934 affixa,
1595 4852 1642 4920 uti
1672 4851 1706 4920 in
1752 4851 1990 4926 recedentibus
2013 4869 2072 4924 ex·

546 4944 754 5044 maneant:
780 4963 852 5024 tura
875 4936 1096 5020 alt'crilibre
1115 4944 1213 5045 scapo
1236 4965 1280 5021 ex
1302 4942 1585 5048 caminetum
1606 4941 1729 5047 bemisp
1779 4953 1886 5042 mm,
1907 4947 2015 5026 bruci
2038 4945 2076 5012 L·

804 5087 808 5098 ·
1254 5065 1263 5084 ·
1431 5077 1435 5084 -
2031 5059 2079 5120 ex
