4992 6767
543 706 627 790 n,
997 686 1138 775 ns
1228 631 1600 774 sons.

544 898 606 970 mis
629 888 729 963 snus·
756 884 950 979 corporibus
981 903 1048 971 eu,
1081 882 1234 971 solvunt,
1265 881 1509 967 effervescunt,
1541 874 1718 953 &ratem
1768 877 1835 954 Sed
1867 899 1985 972 pretet
2001 876 2064 953 hos

542 988 754 1064 hauddubie
779 1003 892 1057 tratura
912 981 1020 1053 adbuc
1044 982 1126 1054 alies
1149 982 1270 1054 modos
1283 979 1462 1076 colligendi
1486 981 1595 1075 ignem
1621 978 1763 1051 tenebris
1786 978 1929 1051 involviu

599 1128 631 1227 ς.
668 1121 876 1198 MDCXLI.
908 1121 1076 1194 Pabulum
1099 1121 1150 1191 vel
1172 1122 1375 1195 Alimentum
1399 1123 1489 1218 Ignis
1512 1143 1674 1209 vocatur,
1699 1121 1919 1216 quodcunque
1943 1135 2071 1217 corpus

542 1230 652 1324 ignem
677 1224 774 1295 semel
796 1225 971 1291 excitatum
996 1221 1051 1291 diu
1075 1218 1253 1303 sustinere,
1288 1220 1342 1289 vel
1371 1220 1449 1290 dum
1474 1222 1515 1291 ab
1539 1222 1616 1316 igne
1640 1242 1826 1312 penetratur
1850 1217 1884 1292 dt
1907 1227 2067 1317 agitatur,

542 1325 686 1398 cundem
710 1341 828 1417 augere
853 1316 990 1408 potest,
1015 1339 1089 1390 cum
1110 1320 1237 1386 interim
1258 1314 1325 1408 ejus
1349 1337 1456 1408 partes
1482 1319 1514 1389 in
1540 1317 1600 1388 hac
1625 1320 1815 1409 operatione
1841 1338 2067 1406 attenuantur,

542 1442 585 1500 ex
609 1417 706 1493 massa
724 1416 954 1509 expelluntur,
976 1416 1126 1506 adeoque
1150 1414 1236 1504 quast
1261 1414 1513 1501 consumuntur,
1543 1412 1767 1486 &uanescunt
1791 1418 1824 1487 in
1849 1436 1951 1486 auras.
2069 1445 2071 1450 ·

460 1595 465 1606 ·
593 1559 627 1657 ς,
653 1555 876 1630 mucxatt.
891 1551 1074 1648 samon
1096 1550 1214 1643 nauta
1235 1549 1310 1623 sunt
1335 1556 1369 1624 tu
1391 1553 1508 1644 triptici
1534 1575 1648 1650 regno.
1701 1578 1748 1627 ιο.
1775 1553 1811 1626 tn
1838 1531 2068 1651 sagrosa-

543 1659 613 1744 fib,
639 1656 762 1728 Omnia
785 1654 869 1725 Olea
892 1675 911 1722 e
937 1651 1039 1722 Terta
1063 1648 1220 1729 liuentia,
1247 1649 1454 1741 Petrolcum,
1480 1650 1602 1722 Oleum
1624 1650 1758 1739 'l'etrae,
1783 1650 1961 1747 Napbtba,
1985 1655 2069 1729 Sue.

541 1762 678 1840 cinum,
703 1753 847 1837 Ambra,
872 1748 1055 1839 sulphura,
1081 1747 1316 1820 Lithantraces

595 1875 647 1930 20.
672 1850 806 1925 Deinde
834 1854 867 1920 in
897 1843 1020 1943 Regno
1052 1844 1262 1943 vegetabili,
1295 1849 1406 1917 omnia
1438 1845 1523 1918 Olea
1554 1845 1795 1942 vegetabilium
1821 1848 1992 1938 expressa,
2024 1872 2067 1926 ex

543 1957 795 2043 quibuscunque
813 1947 977 2039 partibus,
1001 1942 1054 2014 vel
1066 1943 1215 2014 liiliatitia
1229 1963 1315 2029 arte,
1341 1944 1392 2015 vel
1410 1943 1673 2018 Fermentatiune
1698 1948 1828 2018 seduna
1852 1949 1886 2017 in
1902 1946 2040 2037 Spiritus
2049 1974 2067 2039 3-

543 2048 677 2124 Relinae
701 2070 718 2118 a
742 2045 867 2118 Natura
888 2063 944 2113 aut
967 2061 1034 2111 arte
1053 2041 1224 2124 codena,
1251 2039 1433 2114 Carbones.
2062 2123 2067 2138 Ι

595 2167 645 2239 3⁰.
671 2145 822 2216 Tandem
841 2164 883 2211 ex
907 2138 1032 2233 Regno
1052 2137 1221 2220 Animali,
1255 2143 1365 2210 omniu
1392 2138 1477 2210 Olea
1501 2142 1638 2230 partium
1663 2138 1897 2226 ¹Animalium,
1922 2140 1985 2212 sve
2009 2141 2066 2232 sub

481 2252 485 2258 '
539 2244 647 2317 forma
671 2244 774 2329 adipis
796 2259 851 2309 aut
872 2236 1079 2332 pinguedinis
1099 2255 1294 2319 occurrant,
1332 2236 1395 2308 live
1417 2259 1459 2308 ex
1484 2240 1628 2328 partibus
1652 2238 1759 2308 solidis
1777 2259 1838 2320 ¹aut
1864 2236 1976 2310 fluidis
1999 2262 2067 2314 ane

539 2341 766 2434 colligantur,
798 2334 903 2425 qualis
924 2332 978 2400 eli·
991 2327 1202 2419 Phosphorus
1226 2331 1372 2402 Btandtii
1396 2355 1451 2403 aut
1475 2333 1661 2407 Kunckelii.
1712 2333 1799 2406 Olea
1822 2336 1912 2407 alunt
1936 2340 2067 2432 iguem,

540 2436 696 2529 quamdiu
721 2435 753 2503 in
777 2433 815 2502 iis
835 2432 1030 2521 principiun
1056 2425 1216 2497 Oleosum
1239 2429 1511 2518 praedominatut,
1536 2436 1705 2502 continent
1729 2435 1817 2503 enim
1842 2433 1966 2524 semper
1983 2435 2067 2507 miti·

539 2554 610 2608 mm
634 2552 750 2624 aqua,
765 2532 878 2606 minus
900 2526 981 2597 Salis
1002 2523 1038 2594 dt
1058 2524 1198 2608 'serrae3
1221 2526 1344 2596 st'vero
1368 2528 1618 2622 phlegma,ch
1643 2529 1793 2616 acidum,
1817 2531 1869 2604 vel
1893 2552 2066 2622 utrumque

537 2631 676 2704 multum
692 2626 817 2717 superat
831 2626 1024 2717 principium
1043 2622 1212 2704 oleosum,
1237 2643 1306 2692 tum
1321 2644 1404 2713 aqua
1416 2645 1490 2694 cum
1508 2625 1562 2696 tali
1578 2625 1656 2697 oleo
1673 2630 1784 2699 intime
1799 2629 1932 2720 quidem
1955 2627 2062 2718 potest

537 2730 689 2809 misceri,
716 2723 769 2792 sed
789 2721 945 2811 pabulum
971 2741 1039 2788 non
1070 2718 1209 2809 atttplius
1229 2720 1298 2814 igni
1323 2722 1441 2791 alendo
1465 2721 1511 2791 est
1527 2744 1638 2813 aptum
1665 2724 1758 2817 (a).
1812 2729 1886 2796 Alia
1902 2748 2066 2816 corpora,

536 2826 586 2896 uti
619 2821 764 2894 Terrena
793 2816 829 2890 dt
857 2816 992 2899 Salina,
1032 2809 1067 2890 ἃ
1095 2815 1264 2892 Meridies
1295 2818 1360 2887 sola
1392 2816 1427 2887 ἃ
1452 2817 1591 2887 seorsum
1616 2842 1709 2908 capta
1733 2826 1900 2914 ignescere
1924 2823 2060 2908 quidem

535 2916 696 3010 possunt,
730 2911 901 3011 &ignem
935 2912 1132 2998 aliquamdiu
1154 2912 1344 2991 custodire,
1376 2912 1429 2980 scd
1460 2931 1529 2979 uon
1562 2914 1657 2983 instat
1686 2917 1696 2982 i
1744 2916 1894 2983 iatiorunt
1919 2935 2059 3009 augere:

535 3015 722 3087 baec-enim
746 3015 856 3079 omnia
884 3009 940 3074 fibi
963 3001 1129 3072 commissa
1153 3005 1255 3095 magis
1285 3008 1452 3097 magisque
1476 3009 1636 3080 continuo
1661 3030 1695 3077 rc
1710 3010 1910 3103 rigetantur:
1944 3032 2060 3086 verum

534 3111 655 3202 pabula
678 3108 761 3198 ignis
783 3118 943 3189 perpetuo
966 3098 1069 3187 magis
1095 3098 1263 3189 magisque
1285 3099 1498 3170 exardescunt
1523 3108 1672 3212 augentia
1697 3107 1834 3199 ignem,
1859 3128 1878 3178 a
1903 3133 1971 3200 quo
1997 3112 2057 3183 niti

832 3283 1536 3371 r
1560 3200 1625 3367 n
1649 3200 1734 3369 it*
1747 3204 1995 3376 ,nem
2021 3209 2057 3325 ἑά

528 3318 631 3466 luetluet
653 3385 690 3458 dt
712 3309 929 3477 preciliana:
954 3383 1012 3454 nili
1036 3382 1181 3476 Sulpbur
1204 3309 1418 3462 dignorum
1444 3342 1510 3464 slsla
1534 3319 1626 3466 saul:
1642 3320 1791 3468 inceemndli
1813 3324 2056 3474 'salanellum

541 3532 546 3541 '
570 3520 895 3695 ?.MDCXL111.
927 3525 1047 3601 Omnis
1073 3533 1183 3601 vetui
1230 3534 1257 3602 is
1282 3531 1465 3617 terrestris,
1496 3556 1653 3626 quantum
1692 3537 1862 3634 hucusque
1887 3547 2050 3636 innotuit,

526 3631 570 3719 p'a
597 3647 620 3696 u
641 3646 745 3717 eget,
778 3647 840 3697 nec
864 3624 933 3698 ullo
957 3627 1061 3697 modo
1084 3627 1175 3719 super
1204 3652 1239 3702 cs
1264 3651 1398 3713 manet,
1425 3630 1480 3702 nisi
1506 3636 1636 3704 alaturt
1661 3637 1825 3715 Arcanum
1851 3648 1936 3715 enirn
1964 3646 2054 3719 Prin.

522 3725 609 3814 cipis
630 3723 672 3794 de
697 3724 731 3793 S.
755 3723 877 3793 Severo
902 3724 1045 3813 spectans
1069 3726 1177 3818 ignem
1201 3745 1387 3808 aetemum,
1421 3727 1441 3796 i
1468 3752 1537 3817 quo
1562 3735 1716 3819 pabulum
1743 3758 1809 3806 non
1836 3744 2034 3817 minueretur

522 3809 726 3910 divulgatum
749 3816 897 3888 nondum
915 3815 963 3896 eli
987 3813 1076 3902 (b).
1129 3811 1275 3902 Quando
1293 3820 1368 3886 bate
1392 3824 1510 3904 pabula
1535 3829 1644 3914 ignem
1661 3829 1770 3909 alunt,
1794 3855 1901 3920 partes
1916 3842 1957 3908 ab
1973 3800 2052 3934 igne,

523 3910 719 4001 rapidissime
739 3910 923 4001 agitantur,
940 3908 1135 3990 arietantur,
1161 3906 1192 3976 se
1209 3927 1370 3995 atterunt3
1394 3916 1502 3988 attritu
1528 3917 1584 3985 suo
1611 3918 1644 3987 dt
1671 3943 1763 3991 motu
1789 3947 1924 4018 propter
1944 3935 2048 4009 clasii.

521 4010 655 4083 durem
674 4005 773 4078 nulio
794 4003 877 4100 ignis
898 4001 1090 4076 delitescens
1115 4006 1267 4095 rapidiori
1301 4028 1395 4078 motu
1419 4010 1584 4103 agitatut;
1619 4011 1654 4094 dt
1685 4016 1742 4086 sub
1775 4017 1879 4093 forma
1904 4028 1989 4122 ignis
2014 4032 2047 4107 se

522 4105 660 4201 prodit:
685 4120 839 4195 praeterea
854 4099 993 4184 aliunde
1015 4121 1120 4171 nouus
1140 4106 1229 4208 jgnis
1254 4106 1413 4175 continuo
1438 4105 1628 4202 colligitur,
1653 4133 1696 4183 eo
1720 4113 1818 4205 plus,
1844 4142 1913 4209 quo
1939 4147 2048 4215 partes

521 4204 626 4300 magis
652 4199 790 4275 elaliicae
816 4196 955 4270 suerint:
979 4193 1105 4290 &quia
1128 4202 1139 4268 i
1187 4203 1212 4269 is
1238 4199 1270 4270 se
1293 4199 1478 4272 clasticitate
1503 4201 1676 4292 diffundit,
1703 4214 1918 4303 aequilibtium
1944 4223 2046 4297 affec.

522 4320 622 4387 taus,
656 4297 815 4390 proserpit
839 4300 872 4367 in
893 4296 1015 4386 pabulo
1036 4316 1076 4366 ex
1102 4315 1193 4388 parte
1217 4300 1251 4368 in
1274 4319 1424 4388 partem:
1461 4301 1538 4370 ideo
1563 4306 1672 4393 pabuli
1699 4330 1772 4400 pars
1797 4314 1829 4383 in
1855 4316 1950 4389 initio
1976 4326 2046 4396 exi.

509 4416 586 4494 ¹gua
608 4397 723 4480 ardet,
756 4393 875 4465 deinde
901 4395 985 4492 ignis
1005 4393 1250 4500 quoquoversus
1274 4389 1452 4488 prorepens
1475 4399 1563 4488 capit
1589 4403 1848 4494 incrementum,
1884 4411 1919 4493 dt
1943 4440 2044 4494 omne

519 4492 676 4588 pabulum
700 4489 879 4574 consumlt;
905 4489 996 4581 quod
1016 4491 1109 4570 vaide
1130 4512 1299 4574 tenuatum
1324 4492 1343 4565 l
1364 4493 1487 4587 reliqua
1511 4497 1607 4570 massa
1629 4507 1811 4593 excutitur,
1835 4529 1910 4580 curn
1935 4517 2048 4590 adhae.

520 4605 668 4672 texente
687 4591 763 4683 igne
786 4584 1006 4661 insenfibilitet
1029 4588 1172 4660 avolans.

1797 4701 2037 4785 MDCXLIV.

589 4884 651 4961 (a)
672 4887 839 4950 L’Hlllolte
857 4890 893 4950 de
911 4890 1073 4953 l'Academ.
1095 4892 1173 4970 Ray.
1195 4893 1251 4956 Aa.
1269 4910 1354 4971 tus.
1373 4915 1442 4979 paq.
1463 4914 1515 4978 qe,

595 4966 655 5047 (i)
674 4968 745 5037 Aut
757 4985 836 5034 ιονι
848 4968 1004 5050 ulpicum
1023 4972 1080 5034 de.
1093 4986 1179 5047 ηπ.
1199 4988 1266 5055 paq.
1287 4979 1335 5041 ia.
