4992 6767
544 671 1604 792 presteraonrsremnrs
1746 708 1858 798 ως,

325 887 470 992 jusmodi
494 881 593 956 stelle
622 877 785 962 insolitu
808 876 947 961 cadant,
971 895 1046 946 cum
1074 872 1364 971 &ipsemecum
1414 883 1569 958 Attamen
1585 883 1768 960 Mononus
1786 890 1857 983 (a)

330 997 415 1067 hanc
438 982 604 1057 materiam
629 977 784 1066 viscosum
808 974 875 1046 eise
897 995 1103 1066 excrementa
1126 980 1352 1052 nonnullarum
1376 985 1512 1066 avium,
1543 1002 1747 1070 corvorum,
1773 986 1860 1060 laro-

331 1112 427 1173 rum,
453 1105 527 1175 quae
553 1075 737 1151 constarent
760 1071 915 1146 intestinis
940 1077 1147 1185 rantmmtin
1171 1077 1352 1150 ventriculo
1369 1101 1436 1150 non
1457 1081 1607 1176 digestis,
1625 1080 1698 1172 poll
1716 1080 1858 1158 Merret·

330 1210 422 1272 tum,
447 1181 525 1276 (b)
552 1177 692 1270 probare
717 1175 846 1246 annisus
869 1168 956 1244 suit:
981 1192 1093 1244 verum
1115 1195 1185 1264 quo
1208 1196 1357 1266 ternpore
1378 1197 1533 1267 apparere
1547 1182 1708 1270 incipiunt
1731 1183 1764 1252 in
1791 1202 1860 1254 coe·

332 1287 388 1372 lo,
413 1303 489 1355 aves
509 1298 577 1349 ¹10ss
597 1272 772 1358 volitarunt
794 1272 827 1342 in
852 1290 892 1340 et
917 1289 1007 1360 parte
1030 1270 1128 1356 coeli,
1157 1268 1192 1344 δι
1216 1272 1299 1364 sape
1323 1275 1490 1348 consumta
1514 1275 1560 1348 eil
1584 1279 1717 1349 materia
1747 1279 1860 1356 incen-

333 1384 420 1469 dio,
452 1395 626 1466 antequam
656 1371 699 1442 ad
730 1389 847 1442 terrem
878 1370 1059 1464 pertingir;
1089 1370 1174 1442 adeo
1197 1391 1233 1442 ut
1255 1371 1352 1443 llellae
1373 1371 1559 1446 volantesa
1582 1373 1728 1448 foecibus
1751 1377 1859 1452 avium

333 1480 504 1563 differant,
529 1474 615 1545 licet.
631 1490 700 1542 ¹¹0⁰
723 1489 905 1563 negemus,
928 1487 982 1538 0²8
1002 1463 1111 1542 soeces
1141 1489 1362 1558 putrescentes
1386 1473 1486 1542 noeiu
1501 1474 1622 1559 nitere,
1649 1468 1685 1541 &
1723 1471 1862 1545 clarino-

334 1580 381 1650 sas
400 1573 487 1660 esse,
513 1567 557 1654 ,δι-
570 1570 647 1653 ideo
666 1566 809 1644 amuleti
822 1565 992 1644 residuum
1021 1563 1190 1638 Stellarum
1217 1568 1417 1656 quarundam
1443 1569 1640 1642 cadentium.
1688 1495 1858 1666 {uoniam

333 1676 444 1749 Stellae
473 1665 669 1765 potiffimum
697 1662 809 1742 mense
840 1663 872 1734 A
918 1661 989 1734 usto
1022 1661 1094 1751 post
1124 1663 1330 1758 praegressum
1362 1666 1473 1738 asilum
1506 1666 1606 1757 trajici
1628 1667 1861 1754 observantur,

336 1774 446 1846 saltem
465 1776 511 1842 ita
526 1770 559 1839 in
576 1766 715 1862 Belgio,
729 1760 871 1851 Leydae,
937 1756 1127 1849 Ultrajem,
1152 1760 1334 1831 verofimile
1349 1763 1415 1842 est,
1429 1768 1592 1836 materiam
1615 1763 1679 1836 else
1693 1763 1860 1850 oleosum,

333 1894 408 1962 quae
432 1869 541 1941 calore
562 1866 681 1936 diumo
707 1865 740 1934 in
769 1860 868 1932 altum
893 1855 1088 1939 adscendit,
1120 1854 1241 1951 frigore
1270 1855 1453 1946 vespertino
1482 1860 1632 1945 coaluit,
1664 1862 1862 1934 condensius

333 1970 394 2041 suit
412 2022 422 2057 ‚
439 2045 441 2050 ,
459 1964 495 2038 llt
517 1963 647 2050 tandem
669 1958 826 2041 incensa,
859 1951 1003 2047 projeila
1032 1955 1066 2023 in
1094 1954 1171 2024 aere
1196 1974 1393 2045 quacunque
1416 1955 1621 2043 directione,
1647 1954 1681 2026 ἃ
1706 1962 1863 2049 gravitate

335 2066 420 2157 lapsa
441 2068 473 2149 in
497 2082 633 2144 terram,
658 2059 715 2129 nifi
733 2061 861 2138 ¹interea
887 2054 1016 2144 penitus
1041 2051 1210 2122 consumta
1233 2050 1458 2137 sitincendi03
1482 2071 1624 2124 attamen
1639 2071 1733 2124 notat
1752 2050 1860 2132 Kraff-

335 2168 420 2247 tius,
442 2161 473 2230 se
494 2156 664 2246 Petropoli
678 2155 788 2226 ¹llnno
815 2170 918 2243 ¹74¹·
951 2146 1151 2218 Novembris
1169 2148 1224 2236 die
1250 2168 1319 2237 25,
1345 2152 1378 2218 in
1399 2148 1521 2218 summa
1538 2147 1727 2225 serenitate,
1745 2146 1780 2218 ot
1807 2148 1861 2221 fri.

335 2280 414 2356 gare
438 2252 662 2339 acerbissimo,
689 2272 759 2337 quo
787 2247 1076 2314 Thermometrum
1100 2241 1331 2332 Fahrenheytii
1353 2243 1543 2316 ostendebat
1557 2246 1693 2341 padum
1710 2268 1755 2331 0,
1779 2266 1861 2320 troc-

331 2378 369 2430 tu
393 2354 503 2448 plures
528 2349 634 2420 trenas
657 2344 811 2419 cadentes
833 2338 944 2413 vidisse
971 2337 991 2433 (
1024 2338 1059 2433 ).

907 2541 1038 2654 Castor
1063 2552 1111 2642 ἐφ’
1136 2545 1291 2635 Pollux.

384 2777 416 2877 5.
443 2767 631 2864 tumuit,
655 2764 772 2864 Castor
785 2765 828 2849 [ol
841 2765 966 2839 Pollux
990 2785 1146 2838 vocantur
1169 2769 1296 2864 exiguae
1319 2764 1467 2839 saltantes
1489 2763 1685 2847 flammulae,
1712 2765 1861 2845 saviente

337 2874 525 2969 tempestate
551 2868 597 2940 ad
624 2865 796 2959 aplustria,
821 2883 997 2948 antennas,
1021 2861 1139 2949 sunes,
1165 2885 1311 2956 partesve
1334 2869 1546 2955 quascunque
1566 2863 1726 2935 exstantes
1755 2873 1864 2953 navis,

335 2999 405 3050 non
430 2989 555 3043 tanturn
580 2966 614 3035 in
639 2965 741 3044 mari,
767 2959 820 3031 sed
843 2963 942 3033 etiam
958 2964 992 3030 in
1008 2958 1164 3045 flumine,
1186 2981 1242 3032 aut
1262 2961 1335 3031 lacu
1351 2964 1530 3058 navigantis
1545 2959 1741 3045 observata,
1768 2961 1804 3032 ot
1829 2981 1867 3037 ut

335 3073 486 3146 volucres
510 3063 617 3137 seriem
641 3079 683 3129 ex
708 3056 782 3126 sede
798 3076 977 3139 mutantes,
1001 3056 1082 3127 nihil
1097 3078 1290 3146 exurentes,
1312 3075 1369 3127 aut
1383 3069 1652 3147 conumpcntesr
1680 3058 1763 3149 saepe
1779 3055 1866 3147 una',

336 3174 442 3253 binae,
467 3164 615 3257 pluresve
640 3154 731 3226 simul
755 3152 1018 3242 conspiciuntur,
1043 3156 1112 3221 imo
1128 3152 1259 3244 quidem
1280 3172 1325 3244 30
1351 3154 1423 3223 sunt
1439 3154 1613 3226 observatae
1639 3153 1866 3247 sesquipedem

333 3269 464 3363 ionga,
488 3281 564 3333 curn
591 3253 737 3334 susurro,
763 3249 866 3343 qualis
887 3245 1073 3319 observatur
1101 3248 1308 3341 §penicillis
1337 3249 1495 3348 eieiiripis
1520 3250 1585 3320 edi.
1635 3247 1701 3320 Vix
1726 3251 1866 3322 dubitari

335 3363 462 3461 potest,
486 3362 566 3449 quin
590 3351 643 3424 hae
667 3347 841 3420 flammula
863 3346 924 3417 fint
939 3347 1107 3436 produilae
1124 3369 1142 3417 a
1163 3345 1266 3416 fluido
1282 3345 1458 3431 eleelrico,
1474 3345 1566 3440 quod
1580 3345 1740 3422 delitescit
1758 3350 1791 3418 in
1806 3348 1867 3422 a'e'·

333 3485 392 3546 re,
418 3458 623 3538 &tempore
644 3445 819 3533 procella,
841 3463 912 3512 tum
938 3437 973 3511 δι
994 3442 1155 3521 fulminis,
1178 3445 1385 3530 uotonitru,
1407 3447 1532 3540 magno
1554 3464 1631 3514 cum
1647 3446 1771 3538 impetu
1782 3441 1867 3536 pro·

337 3557 490 3650 pellitur,
516 3555 760 3623 occurrensque
781 3533 977 3618 corporibus
995 3531 1161 3614 solitariis,
1186 3533 1285 3602 veluti
1302 3537 1373 3604 iirnt
1392 3558 1490 3607 naves
1515 3542 1549 3607 in
1572 3561 1677 3630 aqua,
1699 3531 1792 3614 eain

336 3655 445 3730 ditur,
471 3641 637 3732 praecipue
658 3647 765 3720 partes
787 3625 966 3709 exstantes,
991 3645 1126 3718 tumque
1150 3627 1181 3698 se
1200 3626 1257 3698 sub
1277 3627 1381 3720 forma
1403 3623 1638 3726 flammulamm
1658 3631 1786 3728 speeian
1811 3657 1868 3709 um

341 3751 416 3831 dat,
441 3740 526 3811 adeo
550 3752 587 3804 ut
611 3729 721 3821 plures
745 3721 846 3794 fimt'tl
860 3723 1023 3794 interdum
1046 3722 1168 3811 adsint,
1193 3723 1392 3816 potiffimum
1413 3744 1521 3799 tutem
1545 3728 1588 3798 ad
1611 3733 1739 3821 apicem
1763 3731 1865 3819 muli,

337 3845 378 3918 ·&
403 3835 573 3931 aplustris,
597 3827 674 3921 quia
699 3837 784 3913 aper
804 3819 926 3904 sursus
947 3818 1013 3900 else
1039 3820 1138 3902 solem
1165 3819 1284 3898 ferrum
1306 3842 1412 3898 autent
1438 3822 1592 3900 facillime
1616 3826 1635 3896 l
1658 3825 1765 3898 fluido
1780 3827 1869 3900 elec·

340 3947 426 4014 nico
451 3945 665 4027 perreptatut.
716 3917 842 3991 Fabula
866 3915 934 4002 est,
959 3939 1055 3989 unam
1081 3919 1203 3990 malum
1229 3917 1293 3990 esse
1319 3941 1439 4008 omen,
1464 3923 1555 3994 binas
1586 3921 1766 3997 flammulas
1790 3944 1869 4020 pto:

339 4042 470 4133 (nerum
492 4027 620 4104 cresum
639 4017 865 4118 prenunciate
892 4014 984 4114 (d),
1007 4015 1060 4090 vel
1075 4017 1165 4088 brevi
1184 4011 1371 4090 cessaturam
1385 4020 1584 4116 ‘precellam

853 4261 855 4266 ·
878 4333 881 4342 .
910 4221 985 4308 De.
1003 4222 1291 4311 Ambulom'but.

384 4460 423 4565 5.
446 4449 651 4538 immitit.
674 4387 759 4528 Sunt
781 4445 979 4529 minum
1002 4445 1095 4544 ignes
1117 4443 1197 4519 sstui
1217 4449 1349 4546 exigui,
1374 4445 1487 4546 figure
1508 4397 1595 4542 sitpe
1618 4435 1867 4619 ιοῑιιιιὁζέὲὼίιῐιζΙ

417 4755 482 4832 (ι)
502 4746 612 4812 mnu.
632 4747 740 4810 Natat.
759 4746 949 4823 Northatnpt.
969 4738 1042 4820 cap.
1060 4758 1088 4817 ς.
1110 4757 1176 4820 pag.
1194 4751 1263 4818 253.
1319 4787 1325 4802 ,
1404 4793 1407 4802 ,
1497 4793 1502 4800 ,
1589 4791 1592 4796 ,
1642 4793 1657 4804 ,,
1695 4765 1700 4778 -
1751 4769 1758 4780 ‚

418 4837 480 4911 (l)
499 4829 636 4889 Mertetti
659 4830 749 4889 Pinax
770 4846 834 4907 pag.
850 4843 917 4899 aro
1190 4851 1194 4858 ·
1246 4891 1248 4896 ,
1322 4845 1340 4882 ,τ
1366 4869 1370 4880 .
1473 4853 1476 4858 -
1527 4825 1533 4838 ”
1756 4873 1759 4878 .

420 4917 481 4989 (r)
500 4905 604 5002 Kralst.
627 4907 750 4969 Praeleii.
774 4907 884 4986 Phyiie.
907 4904 1018 4986 vulp.
1122 4919 1193 4989 pto.
1366 4943 1369 4948 <
1394 4952 1397 4963 .
1599 4949 1603 4956 .
1753 4949 1758 4958 .
1838 4974 1843 4984 1

420 4992 481 5073 (d)
498 4989 610 5055 erutus
628 4985 706 5052 stru.
723 4985 797 5052 Nat.
817 4989 890 5053 M·
912 4985 985 5067 Cup.
999 4921 1279 5141 arngtsdmgtsd:
1292 4971 1429 5135 ἓΙΕΙΗί.
1447 4975 1519 5044 lulit-
1531 4989 1564 5043 ι
1581 4971 1656 5041 Se&
1669 4985 1702 5046 δι
1722 4965 1793 5052 0⁸9·
1812 4975 1842 5041 r·
