4992 6767
561 682 669 773 DE
725 681 1217 775 METEORIS
1274 687 1627 802 AQUEIS.
1742 718 1844 804 1015

955 902 1021 989 D:
1047 906 1213 995 Prur'rra.

372 1120 403 1219 i.
430 1113 829 1192 bllllCCCLXXXVll.
856 1116 890 1187 Si
920 1133 975 1186 ros
998 1119 1098 1190 noe'tu
1121 1139 1162 1189 ex
1183 1116 1364 1210 plantamm
1395 1118 1532 1192 vasculis
1561 1118 1751 1203 exsudans,
1790 1139 1846 1191 aut
1974 1217 1982 1238 x

324 1242 425 1310 vapor
441 1241 480 1289 ex
505 1237 586 1286 terra
610 1215 792 1312 assurgens,
818 1211 854 1284 dt
879 1211 1056 1304 superficiei
1079 1214 1155 1302 soli,
1185 1237 1427 1307 corporumque
1443 1218 1637 1301 humilium,
1661 1222 1708 1290 uti
1731 1217 1843 1288 herba·

327 1339 419 1404 rum,
443 1314 602 1396 initiens,
629 1313 747 1401 hyeme
764 1312 806 1383 ab
827 1313 902 1382 aire
921 1308 1064 1406 frigido,
1082 1311 1117 1381 dt
1142 1312 1184 1383 ed
1199 1313 1276 1407 gelu
1293 1313 1450 1403 disposito
1473 1334 1614 1386 vertatur
1636 1319 1670 1386 in
1685 1314 1845 1411 glaciem,

324 1435 397 1501 quae
423 1415 619 1505 plantarum,
645 1407 725 1490 soll,
750 1404 786 1480 &
815 1409 952 1479 aliorum
984 1429 1162 1501 corporum
1200 1408 1378 1501 superficiei
1408 1410 1559 1494 insidet,
1598 1411 1715 1482 dicitur
1739 1410 1845 1481 adesse

323 1512 476 1592 Pruina,
493 1509 569 1598 quia
593 1506 712 1598 pluntae
735 1506 876 1576 virentes
899 1525 1036 1594 vapores
1053 1505 1238 1596 exspirant,
1264 1527 1332 1576 non
1354 1507 1481 1590 aridae:
1514 1507 1675 1599 pruinosae
1697 1509 1844 1598 inprimis

323 1606 407 1690 sunt,
428 1627 500 1698 quae
515 1605 631 1687 virent,
646 1601 751 1673 multo
766 1603 894 1686 minus,
918 1620 973 1671 aut
988 1602 1190 1693 nonpruind
1210 1623 1370 1691 correptae
1389 1602 1508 1695 plantae
1528 1604 1646 1686 aridae,
1672 1601 1784 1675 tum&
1801 1624 1841 1673 ea

320 1723 484 1795 corpora,
508 1721 582 1792 quae
603 1700 731 1772 Rorem
753 1696 937 1790 repellunt:
962 1717 1038 1768 cum
1060 1698 1152 1770 valde
1169 1697 1328 1787 pruinosae
1343 1697 1436 1785 sunt,
1462 1721 1536 1792 quae
1558 1699 1685 1771 Rorem
1702 1699 1842 1770 trahunt.

372 1821 402 1920 §-
429 1817 843 1895 MMCCCLXXXVIIL
885 1815 997 1889 Oritur
1028 1820 1123 1889 etiam
1149 1821 1290 1909 pruina,
1331 1842 1406 1890 cum
1441 1822 1560 1891 nebula
1596 1846 1700 1915 prope
1725 1843 1843 1896 terram

320 1943 438 2013 repens
461 1943 599 2012 corpora
622 1921 795 2006 ambierit,
819 1919 858 1987 iis
879 1913 912 1985 se
931 1915 1155 2029 applicuerit,
1181 1911 1217 1984 dt
1241 1934 1320 1985 mox
1346 1914 1488 1985 secutum
1513 1916 1613 2012 frigus
1636 1941 1754 2008 aqueas
1769 1941 1843 2011 par·

320 2010 1844 2203 {diesimssssrtqltislsbilltsstnsslilsiussisses:

321 2233 393 2300 quae
419 2227 516 2277 vento
538 2204 599 2277 fui:
622 2208 783 2289 obversa,
808 2205 914 2274 multo
941 2205 1090 2283 densior,
1114 2221 1211 2288 quam
1236 2202 1270 2267 in
1295 2202 1423 2284 aversa3
1450 2206 1518 2270 imo
1538 2204 1560 2269 sr
1583 2205 1699 2274 nebula
1717 2207 1843 2299 aliquot

318 2304 562 2377 succedentibus
584 2304 699 2369 diebus
724 2299 891 2377 adsuerit,
917 2299 1030 2386 pruina
1060 2314 1154 2366 tantae
1180 2294 1286 2363 evadit
1309 2292 1473 2379 crassitiei,
1497 2316 1535 2364 ac
1562 2297 1582 2364 st
1614 2303 1669 2368 nix
1695 2303 1782 2397 larga
1805 2308 1841 2375 in

317 2420 458 2492 corpora
486 2393 831 2483 cecidissem-qualem
852 2391 918 2462 vidi
942 2387 1064 2480 Leydae
1089 2412 1176 2462 anno
1206 2408 1311 2482 1743.
1336 2393 1368 2461 in
1395 2393 1488 2462 initio
1512 2391 1673 2483 Januarii:
1697 2399 1781 2468 adeo
1806 2418 1844 2470 ut

319 2500 417 2593 longa
439 2493 549 2565 nivalis
579 2493 678 2561 barba
701 2490 896 2577 corporibus
917 2488 1108 2586 adheserit,
1135 2509 1198 2579 qua
1221 2508 1311 2578 parte
1332 2507 1431 2559 vento
1455 2485 1581 2559 fuerant
1606 2493 1760 2564 obversa:
1787 2495 1842 2567 scd

319 2595 365 2669 est
387 2588 571 2779 hujusmo(di
601 2589 715 2681 pruina
746 2583 898 2678 frequens
926 2588 961 2657 in
986 2584 1104 2681 Belgio
1134 2607 1143 2653 :
1183 2583 1320 2655 similem
1353 2581 1519 2657 Deebales
1549 2588 1647 2659 etiam
1675 2592 1709 2663 in
1733 2590 1842 2667 Gallia

319 2689 497 2769 observavit
567 2688 599 2778 ).

371 2797 402 2894 s.
428 2792 814 2866 ntMCCCLXXXIX.
839 2794 957 2866 Pruinu
979 2790 1141 2865 interdum
1164 2793 1197 2863 in
1220 2792 1414 2882 corporibus
1446 2793 1502 2865 sub
1519 2789 1591 2866 'dio
1616 2800 1730 2887 positis
1752 2801 1844 2893 spec·

320 2915 431 2979 tatur,
456 2915 531 2963 curn
554 2913 674 2980 nempe
698 2892 816 2982 hyeme
840 2891 913 2984 post
926 2890 1112 2983 praecedens
1177 2890 1211 2959 lu
1233 2892 1290 2958 air
1311 2887 1484 2981 humidus,
1510 2894 1731 2984 tepidusque,
1757 2897 1845 2967 elec·

323 2994 493 3062 tricitatem
508 2990 670 3078 abripiens
685 2989 727 3056 ad
749 3010 891 3078 corpora
907 2985 1083 3070 accesserit,
1098 3008 1188 3076 cujus
1205 3005 1342 3075 vapores
1360 2985 1569 3071 condensati,
1584 2994 1848 3082 corporibusque

314 3087 468 3184 ¹frigidis,
497 3082 633 3182 &gelu
655 3083 760 3176 plenis
788 3084 946 3173 appositi,
972 3083 1050 3152 ilico
1074 3085 1109 3152 in
1138 3081 1275 3176 glaciem
1306 3099 1492 3151 vertuntur:
1527 3088 1693 3174 praecipue
1719 3088 1785 3160 hoc
1807 3094 1843 3162 in

320 3187 437 3256 aedium
464 3186 584 3267 muris,
616 3178 771 3251 &tediis
801 3179 934 3271 lapideis
967 3197 1132 3268 apparet,
1166 3199 1240 3267 quae
1271 3178 1423 3246 canitiem
1457 3179 1650 3251 contraxisse
1681 3185 1840 3258 videntur.
1969 3189 1973 3198 '

318 3283 373 3354 Ad
397 3286 476 3354 vitra
506 3301 614 3350 autem
642 3277 878 3361 fenestrarum,
904 3298 978 3367 quae
1002 3295 1140 3365 vapores
1168 3271 1332 3343 fortissime
1361 3272 1520 3360 trahunt,
1559 3280 1675 3367 pruina
1705 3279 1757 3349 vel
1786 3303 1843 3352 ett-

319 3379 503 3465 trinsecus,
543 3377 594 3449 vel
619 3374 807 3447 intrinsecus
832 3373 1006 3443 accrescit:
1040 3369 1262 3454 extrinsecus,
1289 3369 1421 3459 quando
1452 3374 1508 3441 adr
1534 3374 1568 3443 in
1591 3375 1715 3445 aedibus
1737 3377 1842 3448 multo
1943 3394 1953 3408 ·

320 3474 465 3568 frigidior
490 3475 536 3542 cst
575 3490 740 3551 extcm03
769 3488 842 3536 tum
874 3471 962 3537 enim
990 3468 1074 3558 ignis
1107 3469 1184 3535 cum
1220 3467 1396 3554 vaporibus
1426 3467 1609 3540 coelestibus
1639 3472 1768 3543 advolat
1798 3473 1841 3546 ad

318 3568 392 3638 loca
415 3571 522 3635 minus
546 3565 712 3640 calentia,
735 3576 872 3645 vapores
896 3561 984 3626 vitris
1013 3559 1209 3623 extrinsecus
1232 3565 1397 3644 apponit,
1422 3561 1500 3627 dum
1521 3564 1588 3649 ipse
1612 3587 1650 3634 ea
1675 3590 1840 3657 permeat,

321 3662 506 3735 &domum
531 3654 727 3750 ingreditur:
762 3652 916 3742 quamdiu
947 3670 1055 3721 autem
1079 3648 1199 3720 coelum
1226 3650 1301 3740 plus
1328 3649 1423 3743 friget
1445 3655 1546 3740 aire,
1580 3663 1636 3748 qui
1663 3661 1766 3732 estin
1799 3690 1843 3735 ae·

319 3763 444 3842 dibus,
479 3757 562 3850 ignis
596 3770 672 3822 cum
713 3750 887 3839 vaporibus
912 3751 945 3818 in
976 3748 1054 3818 ae're
1088 3746 1210 3818 aedium
1240 3751 1455 3833 natantibus,
1493 3755 1581 3824 exire
1613 3758 1760 3842 nititur,
1792 3764 1842 3832 in—

320 3856 480 3930 trinsecus·
505 3851 613 3921 vitreis
642 3844 786 3918 senestris
822 3846 959 3936 apponit
985 3864 1146 3935 vapores,
1179 3846 1237 3934 qui
1265 3844 1311 3914 ibi
1340 3847 1580 3941 congelantur:
1613 3852 1665 3922 hae
1687 3856 1842 3950 congela-

324 3960 429 4024 tiones
454 3948 613 4021 interdum
637 3943 777 4015 referunt
805 3939 887 4011 solia
915 3941 1126 4031 plantarum,
1158 3938 1361 4036 surgentibus
1384 3963 1427 4012 ex
1451 3946 1573 4017 cellula
1595 3949 1703 4020 media
1725 3975 1841 4025 nervu-

320 4052 390 4138 lis,
423 4049 478 4120 sub
502 4043 627 4141 angulis
648 4037 886 4123 diversrffimis,
918 4037 1094 4128 aliquando
1116 4035 1259 4108 refemnt
1295 4059 1464 4125 nemora,
1512 4043 1686 4131 fruticeta,
1721 4050 1840 4122 aliasve

320 4148 438 4242 figuras
461 4147 586 4233 redies,
628 4159 776 4222 curvas,
809 4138 964 4208 variarum
988 4134 1214 4218 flexuramm,
1239 4134 1441 4220 insistentes,
1463 4137 1627 4228 Jaeentes,
1653 4144 1817 4234 obliquas.

309 4310 313 4318 .
367 4243 447 4313 Non
467 4245 563 4336 igitur
577 4235 703 4309 constat
723 4235 836 4325 pruina
855 4253 896 4302 ex
911 4234 1076 4305 concretis
1093 4232 1269 4319 vaporibus
1284 4230 1411 4315 a'e‘reis,
1437 4230 1608 4306 &deinde
1633 4238 1779 4310 deciduis
1802 4246 1837 4314 in

310 4361 479 4430 corpora,
504 4335 559 4406 sed
574 4355 616 4404 ex
631 4333 806 4424 vaporibus
821 4332 909 4421 prius
924 4328 1101 4414 deciduis,
1126 4324 1162 4397 δι
1181 4327 1295 4420 postea
1314 4333 1505 4418 concretis,
1537 4335 1585 4403 uti
1606 4333 1774 4408 manifesto
1795 4361 1838 4410 ex

321 4441 436 4532 pruina
450 4433 595 4503 fenestris
611 4432 720 4503 vitreis
736 4427 971 4499 adhaerescente
987 4426 1122 4497 constat.

372 4547 403 4644 §.
429 4540 695 4615 mmcccxc.
720 4540 838 4613 Pmina
862 4539 944 4630 saepe
971 4538 1150 4610 admodum
1179 4561 1316 4628 nocet,
1358 4545 1523 4634 praecipue
1547 4566 1623 4617 vere
1645 4544 1839 4627 florentibus

321 4644 520 4724 arboribus:
545 4661 686 4729 cumque
710 4637 780 4709 dies
806 4638 865 4709 fint
889 4637 1009 4721 sereni,
1034 4636 1081 4707 sol
1110 4637 1196 4708 clare
1218 4636 1357 4724 fulserit,
1383 4640 1495 4711 suecos
1515 4663 1554 4712 ex
1585 4643 1723 4730 radice,
1750 4667 1838 4722 trun·

323 4768 388 4823 co,
415 4737 566 4810 &ramis
592 4733 798 4807 vehementer
822 4737 1056 4826 commoverit,
1084 4732 1182 4805 &ad
1198 4734 1297 4807 flores
1314 4739 1495 4827 pepulerit,
1522 4761 1589 4810 tum
1614 4763 1680 4812 nox
1703 4741 1837 4834 sequens

320 4838 435 4938 frigida
460 4856 535 4905 cum
557 4832 655 4902 multa
677 4834 790 4922 pruina
815 4830 917 4917 sacit,
942 4851 979 4903 ut
1000 4832 1021 4904 i
1045 4836 1259 4906 concretione
1280 4835 1405 4931 glaciali
1426 4839 1596 4910 tenerrima
1617 4838 1741 4913 florum
1776 4861 1834 4930 pe-

1777 4934 1842 5006 talu

395 5028 454 5111 (e)
475 5030 601 5091 Tractat
622 5026 660 5088 de
680 5024 838 5092 Metteris.
859 5026 946 5107 Ptop.
968 5046 998 5105 4.

1042 5108 1376 5204 Mmmmmmg
