4992 6767
669 717 1156 827 truncaretur
1201 728 1639 825 oovrsrouu·
1844 748 1930 854 7711*

451 938 490 1036 ς.
514 917 793 1010 MDCCCCIK
827 927 907 1005 Hoe
931 927 1058 1028 augule
1082 935 1291 1025 'apparentem
1316 930 1522 1027 obJeeiaran
1554 929 1810 1031 magnitudinem
1832 941 1930 1009 meti·

399 1050 496 1111 aaut:
520 1036 693 1127 ideoque
719 1030 776 1103 sub
800 1028 916 1122 aequali
938 1028 1060 1127 angtrlo
1079 1032 1193 1121 optico
1219 1029 1424 1127 spectantur,
1450 1031 1584 1125 aequalia
1613 1049 1798 1125 apparent,
1826 1030 1860 1102 dt
1885 1058 1930 1106 ae·

430 1134 519 1208 uales
538 1134 695 1230 imagines
722 1130 756 1201 lu
777 1131 880 1200 retina
904 1130 1069 1224 pingunt:
1098 1147 1175 1219 quae
1199 1123 1256 1198 sub
1282 1130 1399 1200 minori
1420 1130 1571 1225 angulo,
1604 1133 1729 1201 minora
1752 1145 1930 1221 apparent,

402 1156 442 1304 21
462 1233 605 1302 minores
629 1229 770 1325 pingunt
797 1225 978 1322 imagines:
1009 1244 1155 1310 contra,
1187 1245 1261 1316 quae
1287 1225 1346 1298 sub
1368 1228 1481 1320 maiori
1504 1226 1626 1325 angulo
1650 1246 1835 1319 apparent,
1859 1239 1929 1299 ma·

401 1325 490 1422 jotes
515 1328 672 1423 imagines
692 1327 856 1420 pingunt,
881 1317 1335 1418 &maiora-conspiciuntur.
1461 1416 1464 1422 Ι
1592 1417 1596 1424 Ι
1851 1419 1854 1424 Α

454 1451 487 1551 5.
511 1433 791 1527 MDCCCCX.
815 1445 1017 1544 Magnitudo
1037 1441 1197 1540 apparens
1219 1446 1443 1545 distinguenda
1458 1450 1504 1521 est
1526 1443 1803 1548 a'magnitudine,
1829 1447 1927 1546 quam

399 1571 501 1622 mens
523 1549 591 1623 viso
617 1550 713 1622 alicui
738 1544 877 1640 objedto
900 1545 1044 1616 attribuit
1057 1563 1080 1613 t·
1105 1543 1176 1614 haec
1200 1542 1362 1635 posterior
1383 1539 1506 1638 judicio
1540 1547 1652 1620 nollro
1680 1547 1846 1646 originem*
1869 1551 1927 1623 de-

402 1647 486 1731 bet,
512 1668 580 1718 non
602 1646 660 1717 soli
680 1647 877 1739 apparentia
898 1640 1010 1737 anguli
1035 1642 1158 1733 opticia
1183 1641 1268 1711 adeo
1291 1663 1326 1712 ut
1349 1644 1412 1717 visa
1438 1644 1627 1739 magnitudo
1654 1647 1795 1736 pendeat
1818 1670 1837 1717 a
1858 1651 1928 1739 pic·

408 1760 478 1813 tura
501 1741 625 1835 objeeu
649 1746 684 1814 in
708 1745 838 1828 retina,
872 1734 910 1812 dt
933 1760 953 1807 a
974 1738 1126 1829 judicio,
1159 1737 1251 1828 quod
1273 1758 1364 1809 mens
1388 1740 1444 1812 usu
1466 1737 1500 1811 ἃ
1524 1744 1721 1831 experientia
1742 1744 1928 1834 acquissvit,

406 1839 563 1929 quodque
588 1839 774 1911 immediate
799 1858 885 1920 cum,
905 1835 994 1907 sensu
1014 1831 1207 1924 condedit.
1244 1834 1342 1924 ¹ldeo
1372 1858 1440 1908 non
1470 1836 1602 1929 poliunt
1628 1860 1697 1910 non
1729 1839 1860 1931 plurimi
1893 1844 1929 1912 in

403 1935 525 2006 villone
551 1940 627 2008 oriri
650 1956 794 2020 errores;
820 1955 896 2005 nam
919 1929 1080 2023 sapiffime
1098 1950 1241 2001 erramus
1259 1934 1292 2001 in
1314 1932 1490 2017 distantiis,
1516 1935 1655 2024 proinde
1674 1938 1770 2005 etiam
1787 1940 1820 2006 in
1839 1959 1930 2034 mag·

401 2031 559 2102 nitudine.
607 2033 759 2105 Solemus
780 2028 920 2104 tradlare
939 2025 975 2099 dt
990 2026 1098 2101 videre
1111 2026 1244 2121 objecta
1260 2030 1385 2116 vicina,
1407 2051 1588 2122 eorumque
1610 2032 1848 2126 magnitudines
1865 2057 1926 2105 no·

404 2130 536 2214 vimus,
568 2129 666 2199 veluti
692 2129 739 2199 eil
762 2127 933 2212 hominist
967 2122 1100 2216 objedla
1127 2124 1198 2196 haec
1228 2126 1291 2195 five
1311 2125 1462 2218 homines
1486 2127 1638 2197 recedant
1659 2128 1699 2197 ad
1724 2128 1847 2218 duplo,
1873 2134 1928 2200 tri·

401 2224 487 2316 plu,
519 2226 702 2318 quadruplo
732 2224 888 2316 majorem
922 2221 1127 2303 distantiam,
1155 2228 1207 2305 ¹ea
1238 2222 1448 2292 nihilominus
1475 2237 1570 2311 aeque
1604 2244 1720 2315 magna
1751 2225 1927 2311 videmus,

406 2325 553 2411 quamvis
573 2325 730 2417 imagines
759 2324 793 2388 in
816 2320 918 2389 oculo
941 2316 1040 2405 pieta
1065 2316 1125 2389 lint
1150 2317 1270 2405 triplo,
1296 2316 1518 2406 quadruplove
1540 2320 1692 2387 minores.
1744 2318 1808 2389 Sed
1828 2331 1931 2409 quarr-

404 2416 452 2488 do
473 2416 608 2507 objedia
633 2416 789 2485 recedunt
818 2416 861 2483 ad
887 2412 1024 2502 majores
1046 2430 1144 2499 quam
1166 2413 1315 2501 quotidie
1337 2414 1446 2482 obvias
1475 2411 1665 2499 distantias,
1698 2415 1845 2485 videmus
1871 2422 1931 2487 mi-

396 2534 508 2597 nora,
535 2510 571 2580 ὃ(
592 2514 625 2580 in
648 2513 773 2579 ratione
793 2508 1009 2579 distantiarum
1030 2505 1227 2577 decrescere.
1278 2506 1442 2598 Judiciom
1467 2526 1575 2580 autem
1597 2509 1775 2583 formamus
1798 2532 1838 2582 ex
1858 2513 1932 2607 plu·

405 2610 497 2677 ribus
518 2603 780 2687 circumstantiis,
805 2626 878 2695 quae
903 2604 945 2673 de
974 2599 1109 2693 ouJetto
1130 2611 1388 2698 cognoscuntur.'
1659 2612 1662 2616 ’

444 2728 486 2899 3.
512 2726 802 2804 MDCCCCXI.
838 2728 1056 2824 Quacumque
1085 2748 1153 2799 uno
1175 2728 1294 2799 obtutu
1323 2729 1471 2802 videntur
1495 2737 1577 2805 intra
1606 2734 1759 2829 angulum
1781 2740 2041 2849 opticume

404 2847 443 2897 re
483 2827 756 2917 um‘plerumque
778 2830 1006 2908 continentum
1033 2825 1112 2914 radii
1137 2827 1224 2895 enirn
1248 2824 1340 2903 aiu,
1365 2826 1452 2911 ZB,
1477 2832 1632 2925 angulum
1667 2829 1794 2910 redum
1821 2793 2080 2921 Xlerr²g.‘,.m

396 2922 603 3011 -forruantes,
627 2920 783 3016 produdli
810 2921 967 3010 pupillam
992 2919 1067 2989 DE
1092 2924 1282 3010 pertranlire
1308 2945 1376 2993 non
1390 2922 1543 3013 pellunt,
1562 2929 1714 3017 ¹quamvis
1737 2925 1933 3002 refradlione

408 3022 516 3089 minus
540 3018 708 3112 divergant
729 3021 762 3087 iu
788 3017 926 3086 humore
948 3025 1074 3106 aquea,
1098 3015 1154 3086 sed
1175 3015 1324 3102 incidunt
1344 3020 1377 3089 in
1400 3011 1519 3093 Itidem
1528 3029 1546 3091 'a
1577 3022 1728 3114 adeoque
1751 3026 1806 3114 qul
1827 3026 1935 3117 pupil-

408 3116 472 3185 lam
497 3118 667 3186 tranabunt
692 3114 792 3200 radii,
817 3112 972 3209 angulum
994 3114 1142 3205 opticum
1163 3109 1325 3185 mitiorem
1344 3116 1435 3186 redto
1461 3116 1771 3209 comprehendunt,
1806 3124 1853 3191 uti
1877 3144 1934 3195 ex·

401 3231 563 3309 perrentra
588 3231 717 3284 eernere.
1704 3229 1708 3235 ·

457 3337 488 3437 ᾗ.
514 3334 809 3409 MDCCCCXll.
842 3332 896 3406 Ex
918 3334 968 3403 his
992 3333 1115 3421 liquet,
1138 3350 1238 3423 quare
1260 3328 1429 3425 objedlum
1451 3355 1502 3405 ma
1550 3356 1606 3406 um
1631 3332 1831 3409 &vicinum
1859 3361 1930 3416 uno

402 3438 523 3509 obtutu
546 3435 690 3525 conspici
714 3436 849 3523 nequit;
875 3432 965 3520 quod
990 3448 1097 3499 tamen
1122 3450 1144 3498 e
1166 3429 1351 3523 longinquo
1375 3430 1476 3521 consp
1535 3452 1590 3503 um
1602 3433 1737 3506 'videtur
1757 3453 1875 3506 rorum,

455 3533 501 3604 Et
523 3553 592 3623 quo
616 3530 740 3621 pupilla
763 3530 902 3620 amplior
926 3527 990 3609 est,
1014 3522 1148 3616 oajaeta
1171 3524 1228 3594 sub
1249 3526 1372 3620 angulo
1401 3530 1515 3616 optico
1546 3528 1658 3620 majori
1677 3531 1779 3602 videri
1800 3532 1931 3622 poliunt

404 3626 444 3704 dl
468 3649 600 3699 contra:
625 3626 704 3696 ideo
727 3629 762 3697 in
781 3622 914 3715 juvenili
939 3642 1053 3705 aetate,
1089 3619 1221 3712 quando
1243 3621 1400 3711 pupillam
1428 3624 1565 3714 multum
1588 3625 1718 3718 dilatare
1743 3627 1931 3718 pellamus,
2029 3619 2035 3628 ’

403 3728 500 3820 plura
523 3725 565 3794 de
588 3718 725 3814 objecto
748 3741 868 3815 magno
892 3718 1057 3803 videmus,
1082 3738 1180 3808 quam
1209 3717 1243 3788 in
1269 3715 1457 3811 senectute,
1488 3742 1561 3812 quae
1582 3721 1740 3814 pupillam
1765 3725 1934 3820 angustam

405 3845 471 3895 nec
495 3820 634 3912 amplius
657 3816 854 3890 dilatabilem
878 3816 987 3886 habet.

434 3936 440 3944 ’
451 3945 484 4045 5.
510 3938 830 4018 MDCCCCXlll.
854 3937 889 4009 Si
908 3937 996 4009 idem
1019 3932 1188 4028 objedlum
1212 3933 1279 4008 BE
1302 3939 1396 4010 variis
1428 3934 1567 4012 abfuerit
1594 3938 1749 4013 distantiis
1778 3945 1819 4016 ab
1845 3965 2076 4055 ocuusgfflg

397 4047 459 4130 lo,
484 4043 583 4115 veluti
603 4038 703 4132 EC,
728 4036 820 4122 ΕΛ,
845 4035 970 4124 semper
990 4035 1098 4104 minus
1125 4035 1315 4123 apparebit,
1340 4057 1409 4126 quo
1422 4036 1463 4106 ab
1479 4037 1580 4107 oculo
1602 4037 1680 4127 plus
1701 4038 1854 4115 abfuerit:
1880 4045 1989 4119 estiis·
2009 4068 2050 4115 ιο.

400 4147 489 4214 enim
509 4137 648 4235 angulus
671 4137 803 4228 opticus
826 4129 939 4203 ΒΑΕ
960 4133 1068 4201 minor
1091 4127 1214 4224 angulo
1239 4129 1361 4201 BCE.

449 4267 480 4368 §r
504 4260 824 4339 MDCCCCXIV.
848 4253 1025 4356 Apparens
1048 4253 1281 4351 objeetorum‚
1307 4258 1406 4354 oc'ulo
1426 4282 1495 4332 non
1520 4258 1698 4333 admodum
1718 4251 2077 4370 propinquo-„mm

394 4389 492 4453 rum,
515 4362 707 4462 magnitudo
729 4360 776 4434 eli
796 4362 831 4432 in
853 4361 977 4431 ratione
994 4356 1150 4450 distantiae
1172 4357 1341 4448 reciproca
1356 4357 1398 4426 ab
1422 4355 1543 4450 oculo,
1568 4358 1590 4429 fi
1608 4360 1717 4456 anguli
1739 4365 1843 4456 optici
1857 4347 1990 4440 fue-erg.¹
2008 4387 2053 4432 ι..

397 4469 464 4542 rint
492 4469 593 4556 parri.
640 4460 730 4534 Nam
754 4457 800 4531 est
830 4471 988 4549 apparens
1016 4447 1143 4546 objedti
1176 4449 1245 4523 BE
1277 4454 1468 4548 magnitudo
1496 4458 1530 4527 in
1562 4454 1615 4542 C,
1649 4457 1690 4529 ad
1713 4480 1785 4530 eam
1812 4464 1845 4534 in
1870 4459 1927 4551 A,

398 4566 452 4636 uti
473 4561 519 4631 eii
539 4557 679 4655 angulas·
702 4559 832 4650 opticus
856 4551 985 4635 BCE,
1012 4550 1053 4622 ad
1073 4547 1228 4646 angulum
1252 4551 1398 4640 opticum
1432 4549 1550 4625 ΒΑΕ.
1601 4543 1664 4628 Est
1684 4577 1764 4628 vero
1788 4559 1926 4657 angulus

399 4656 531 4740 BCss,
554 4657 596 4725 ad
617 4655 771 4748 angulum
796 4650 926 4735 BAE,
950 4651 999 4722 uti
1023 4648 1095 4720 EA
1120 4645 1162 4717 ad
1187 4645 1280 4746 ΕΟ..
1297 4668 1357 4738 per
1381 4646 1413 4748 l.
1443 4670 1548 4744 1733.
1581 4652 1732 4745 adeoque
1755 4655 1802 4729 est
1822 4678 1926 4752 appa·

399 4775 478 4832 rens
499 4748 623 4843 ouJeeti
648 4748 717 4820 BE
741 4749 932 4849 magnitudo
954 4745 1018 4820 visa
1045 4749 1080 4818 in
1106 4743 1160 4830 C,
1174 4745 1231 4816 ad
1248 4756 1328 4815 eam·
1346 4749 1380 4819 in
1405 4749 1458 4833 A,
1482 4753 1528 4819 uti
1553 4748 1625 4824 En
1646 4752 1690 4824 ad
1713 4751 1799 4827 EC.

402 4925 406 4932 ·
451 4881 484 4981 ᾖ.
510 4878 803 4956 MDCCCCXV.
827 4880 876 4953 Ut
895 4897 1111 4976 cognoscatur
1131 4859 1268 4969 par'v'itai
1292 4880 1439 4979 imaginis
1451 4868 1553 4970 pieta
1577 4884 1612 4954 in
1634 4886 1763 4967 retina,
1786 4884 1825 4954 stt
1840 4898 2029 4980 ocu-M

396 4983 450 5056 lus
476 4976 608 5070 ABE,
631 4982 752 5073 inquo
771 4978 991 5072 producantur
1015 4975 1116 5082 Brisa.
1129 4975 1222 5149 Rtls’
1233 4979 1372 5149 fefdptgre
1394 4976 1521 5073 objedi
1541 4978 1608 5052 BE
1638 4983 1751 5075 imago
1774 4976 1981 5158 plffialggrtg.
1999 5005 2039 5053 a„
