4992 6767
625 686 1507 794 ‘DEAERR
1835 702 1917 817 833

396 890 483 965 ciat.
507 903 543 978 9.
568 882 617 954 dr.
643 905 678 976 4.
702 880 791 954 lancl
815 876 960 974 injed'soa
990 877 1046 953 sed
1075 881 1206 974 pondus
1230 884 1315 958 aeria
1345 885 1609 978 hemispherium
1644 893 1821 981 prementis
1854 911 1923 965 erat

399 997 443 1071 ..fis
469 1005 529 1077 90.
554 1002 630 1054 unc.
651 1001 760 1096 μσς.
786 978 883 1143 ιόιιί5
893 976 1045 1070 adeoque
1066 997 1273 1093 augmentum
1294 984 1521 1072 cohereneae,
1546 984 1636 1077 quod
1658 1008 1682 1056 a
1696 986 1923 1084 conglutinan-

399 1104 441 1155 κ
455 1074 1157 1267 ἕξιηὴὲπῖζῖιῗιώεξῖοᾟιοήῗᾝιζιίξὲφῖ
1184 1174 1266 1265 poll
1289 1178 1416 1254 lamine
1441 1179 1515 1254 ΑΛ
1536 1181 1711 1273 impolito,
1745 1182 1842 1253 etiam
1865 1196 1924 1251 ex·

400 1278 526 1350 nasius
548 1273 595 1346 est
617 1274 688 1344 aer:
712 1269 832 1382 deinde
854 1288 978 1341 tantum
993 1292 1013 1341 a
1031 1269 1151 1350 lamina
1174 1273 1250 1345 ΔΑ
1274 1278 1368 1348 avelli
1392 1280 1521 1371 potuit,
1545 1278 1691 1371 pondere
1715 1274 1827 1349 hoa.
1845 1296 1923 1348 unc.

402 1399 445 1465 4.
468 1372 517 1444 dr.
548 1393 578 1443 ι.
602 1366 706 1441 Ltnci
729 1366 761 1440 L
785 1369 921 1460 inJeslo:
954 1367 1009 1438 sed
1039 1368 1170 1458 pondus
1193 1371 1277 1442 adsis
1306 1372 1565 1466 hemisphaerium
1587 1377 1843 1466 comprimentis·
1862 1370 1924 1443 fuit

406 1478 442 1542 iu
466 1489 526 1561 40.
550 1489 627 1540 unc.
651 1491 688 1558 4.
712 1486 801 1562 grau.
832 1465 912 1536 116.
944 1464 1094 1557 adeoque
1126 1485 1201 1536 cera
1231 1470 1467 1566 conglutinavit
1495 1471 1757 1562 hemispherium
1778 1490 1854 1542 cunr
1878 1467 1927 1539 la·

405 1570 495 1641 mina
519 1564 595 1636 Ah
622 1565 655 1636 vi
680 1561 902 1655 aeqtaipolienti
933 1557 968 1628 m
1003 1583 1060 1631 aa.
1095 1561 1194 1630 veluti
1226 1566 1261 1632 in
1292 1567 1489 1655 precedenti
1513 1570 1756 1660 experimento:
1780 1567 1864 1637 adeo
1889 1583 1927 1636 ut

403 1658 595 1756 superficies
617 1659 784 1754 equales,
816 1657 931 1729 eidem
947 1656 1133 1748 conjundiae
1157 1655 1262 1741 ceri,
1295 1664 1426 1749 paribus
1451 1665 1570 1735 viribus
1593 1664 1835 1735 cohaerescmt:
1860 1663 1928 1731 exi·

408 1782 511 1859 guum
539 1762 627 1833 enim
649 1756 837 1832 discriminis
861 1755 970 1825 evitari
995 1753 1129 1842 nequit,
1154 1748 1190 1823 ἃ
1213 1756 1331 1825 metito
1355 1757 1597 1852 negligendum.
1650 1760 1688 1832 ln
1711 1762 1852 1852 repetito
1869 1777 1929 1848 pe·

405 1856 516 1930 riculo
540 1878 617 1929 cum
639 1854 754 1927 iisdem
784 1848 1010 1942 hemisphaeriis
1035 1849 1146 1920 aerem
1166 1849 1285 1934 eduxi,
1311 1869 1347 1921 ut
1364 1849 1482 1922 eodem
1499 1854 1605 1944 pressu
1627 1855 1756 1926 laminae
1781 1856 1850 1927 ΑΑ
1870 1875 1928 1945 ap·

407 1956 645 2047 primereotur,
671 1948 707 2022 dt
730 1971 803 2022 cera
820 1948 958 2043 jungens
977 1942 1055 2015 esset
1077 1945 1112 2013 in
1143 1944 1235 2017 simili
1259 1946 1363 2017 statu:
1389 1966 1503 2037 aperto
1525 1949 1700 2038 epistomiu
1725 1950 1754 2021 F
1780 1948 1814 2021 dt
1840 1954 1931 2020 intus

408 2070 546 2142 recepto
568 2051 646 2123 aste
660 2046 931 2139 hemispherium
955 2061 1129 2133 utrumque
1143 2065 1169 2114 a
1191 2042 1311 2115 lamina
1334 2041 1458 2141 sejungi
1483 2045 1586 2117 modo
1610 2047 1741 2138 potuit,
1767 2043 1872 2118 Lanci
1895 2043 1928 2116 L

408 2146 528 2240 injecto
551 2145 698 2238 pondere
721 2140 756 2212 lli
784 2166 842 2213 22.
951 2238 960 2257 .

387 2241 602 2415 allelui
623 2238 1926 2424 ihus3.1sih‘¹lsll...l?il.ll.hl{⁰hdistillasa.‘hh

406 2434 709 2524 hemisphaeriorum
735 2426 870 2497 sollicite
900 2427 941 2495 ab
963 2425 1054 2494 omni
1081 2423 1157 2495 cerd
1186 2444 1241 2495 aut
1266 2425 1412 2499 sordibus
1436 2428 1698 2501 mundabantur:
1733 2430 1931 2522 hemisphae·

408 2536 494 2604 rium
517 2528 665 2598 diametri
690 2544 722 2615 3.
747 2522 908 2612 pollicum
933 2520 1160 2610 imponebatur
1189 2520 1316 2595 laminae
1349 2546 1449 2610 aeneae
1481 2526 1575 2610 hh,
1602 2527 1724 2597 circum
1747 2527 1826 2599 loca
1847 2548 1931 2602 con·

410 2628 514 2697 radius
547 2620 743 2694 extrinsecus
763 2622 796 2689 in
822 2616 998 2687 rotundum
1016 2615 1061 2689 ·&
1083 2617 1260 2705 prudenter
1287 2621 1446 2693 linebatur
1475 2621 1582 2714 aliqua
1612 2639 1696 2694 cerae
1730 2623 1839 2696 mollis
1870 2645 1930 2697 co·

410 2724 487 2813 pia,
513 2742 586 2810 quae
608 2719 691 2787 aeris
713 2717 881 2786 introitum
900 2731 1023 2797 tantum
1046 2714 1191 2784 arcebat:
1217 2717 1352 2788 extraho
1367 2721 1475 2790 adrem
1497 2737 1656 2809 quantum
1677 2723 1807 2809 potuit,
1831 2721 1936 2795 Met-

410 2818 506 2890 curio
534 2820 568 2886 in
585 2811 702 2883 ¹Indice
724 2812 766 2880 ad
789 2809 990 2879 altitudinem
1018 2829 1075 2897 29.
1101 2810 1181 2896 poll.
1207 2811 1441 2884 adscendente:
1467 2813 1575 2885 clauso
1599 2814 1794 2904 epistumio,
1819 2814 1929 2908 drap·
1964 2823 1967 2828 “

410 2930 525 3002 paratu
546 2911 664 3077 medin&
692 2905 809 2992 affixo,
837 2903 914 2975 solvi
937 2924 956 2972 a
982 2902 1100 2973 lamina
1122 2903 1384 2996 hemispherium
1409 2911 1511 2983 modo
1531 2911 1673 3002 potuita
1697 2920 1733 2993 ib
1759 2911 1819 3003 98.
1842 2910 1932 2984 Lan·

410 3011 442 3079 ci
463 3005 496 3076 L
520 3005 564 3076 in'
623 3007 661 3075 is.

457 3028 591 3174 Deinde
613 3100 700 3171 idem
721 3094 984 3188 hemispherium
1006 3096 1193 3188 impolitum
1214 3095 1277 3168 suit
1300 3101 1385 3171 mtto
1406 3098 1538 3191 plano,
1575 3098 1720 3189 superius
1742 3102 1931 3198 descripto3

410 3199 524 3273 eadem
544 3218 618 3269 cera
637 3195 817 3268 circumlita
837 3190 873 3262 dt
896 3193 1012 3283 aequali
1035 3196 1134 3284 copia
1157 3191 1235 3263 suit:
1261 3193 1397 3266 edusius
1414 3196 1518 3286 ‘anthi
1541 3193 1831 3287 ex‘hemisphaerio
1851 3205 1929 3288 adr,
2010 3259 2014 3266 .

413 3316 568 3389 quantum
591 3296 721 3384 potuit,
748 3290 936 3361 Mercurius
961 3288 1102 3359 indicem
1128 3288 1222 3360 subiit
1243 3290 1285 3360 ad
1309 3290 1512 3362 altitudinem
1536 3302 1598 3380 's9.
1632 3290 1713 3381 pull.
1735 3294 1848 3386 postea
1871 3309 1931 3389 ap·

412 3413 522 3486 pmtu
553 3392 595 3463 ab
619 3390 718 3460 antlia
746 3386 882 3471 soluto,
916 3380 951 3455 dt
978 3406 1054 3455 cum
1086 3384 1197 3456 mensa
1225 3406 1407 3470 connexo,
1433 3387 1700 3480 hemispherium
1725 3411 1744 3459 a
1766 3393 1851 3464 vitro
1873 3396 1933 3467 ab·

411 3490 561 3562 stnuum
590 3507 715 3557 tantum
747 3492 827 3562 aih
852 3483 913 3571 98.
945 3479 1049 3549 Larrci
1082 3478 1113 3548 L
1136 3478 1278 3571 injedlls.
1327 3483 1491 3571 Adeoque
1521 3487 1591 3573 pati
1615 3486 1646 3555 vi
1668 3483 1932 3577 hemispherium

411 3589 495 3659 vitro
517 3584 618 3672 plano
637 3602 675 3651 ac
702 3580 831 3649 lanainae
850 3595 951 3644 aeneae
975 3573 1157 3662 oppressum
1184 3574 1270 3644 fuit-a
1300 3595 1376 3646 cum
1402 3577 1533 3666 pondus
1566 3581 1811 3665 comprimentis
1848 3589 1933 3659 adria

412 3681 515 3755 suerat
534 3676 575 3747 lli
601 3697 670 3765 90,
694 3695 772 3744 unc.
797 3691 833 3759 9.
858 3690 949 3765 gran.
973 3667 1055 3738 261.
1080 3666 1116 3738 dt
1135 3688 1210 3739 cera
1231 3672 1266 3740 in
1285 3673 1460 3744 rotundum
1482 3673 1579 3743 adlita
1599 3671 1678 3743 fecit
1697 3676 1929 3754 cohaerentiam

412 3787 449 3858 fb
476 3796 509 3868 7.
536 3795 612 3844 unc.
638 3772 672 3842 6.
698 3766 807 3839 drach.
833 3790 867 3856 4.
893 3764 1021 3855 qualem
1045 3785 1155 3836 revera
1176 3768 1292 3838 iterum
1316 3765 1426 3837 effecit
1446 3770 1480 3839 iu
1504 3770 1645 3861 repetito
1664 3774 1829 3865 examine,
1855 3778 1932 3851 adro

413 3893 489 3945 ante
514 3870 746 3961 separationem
767 3867 933 3934 incuvum
955 3860 1169 3952 hemisphaerii
1193 3881 1339 3955 recepto.

463 3970 538 4040 Sive
559 3963 783 4054 hemisphaeria
809 3960 937 4029 ninom
956 3955 1084 4030 laminae
1105 3978 1233 4044 enee,
1272 3958 1337 4032 five
1357 3963 1468 4034 vitreae
1489 3964 1639 4052 impolita
1661 3965 1802 4054 suerint,
1826 3970 1932 4046 modo

413 4066 527 4137 eadem
555 4058 735 4134 circumlita
758 4054 856 4127 fuerit
881 4074 985 4142 cera,
1012 4052 1214 4124 cohaerentia
1240 4058 1455 4151 magnitudini
1486 4060 1735 4145 competens&
1768 4071 1933 4141 tenacitati

412 4184 495 4234 cerae
520 4159 644 4249 semper
676 4154 791 4226 eadem
817 4150 983 4223 observata
1002 4147 1090 4220 suit:
1127 4148 1234 4218 solutu
1256 4152 1365 4220 indice
1381 4149 1610 4237 Mercuriali,
1645 4159 1701 4242 qui
1722 4161 1841 4229 vitreus
1864 4174 1934 4233 erat

414 4260 529 4339 tubus,
554 4258 596 4326 ab
620 4252 717 4325 antlia
742 4250 976 4344 pneumatica,
1004 4244 1190 4334 muuoqm
1213 4264 1255 4314 ert
1283 4244 1512 4336 hemisphaerio
1534 4248 1637 4332 aste,
1672 4244 1762 4338 quod
1784 4257 1839 4325 aeri
1863 4274 1932 4328 erat

409 4348 781 4524 l'dssllll’dliss
794 4340 1928 4535 lh.”lllliiuh‘hihhhsihdissutilis

412 4545 593 4637 milphaeria
610 4542 864 4615 circumliniatur
881 4536 995 4609 eadem
1022 4557 1117 4621 cera,
1140 4538 1210 4626 pari
1231 4539 1348 4627 copia,
1374 4556 1474 4629 atque
1496 4540 1589 4626 ursit
1610 4496 1755 4634 ejusdem
1777 4544 1930 4620 mollitiei

411 4640 451 4716 dt
472 4641 602 4714 caloris:
626 4660 703 4712 nam
727 4638 801 4731 plus
825 4635 934 4708 calens
954 4631 1086 4707 mollior
1107 4631 1174 4719 est,
1199 4652 1262 4706 uec
1292 4634 1457 4706 cohaerere
1476 4635 1592 4725 aequali
1614 4641 1647 4712 vi
1666 4638 1930 4734 hemispherium

406 4760 492 4812 cum
517 4738 635 4809 lamina
655 4756 745 4806 aenea
772 4754 827 4805 aut
854 4735 954 4805 vitrea
978 4729 1080 4803 facit:
1115 4749 1229 4803 contra
1249 4731 1272 4801 fi
1296 4753 1370 4803 cera
1395 4732 1468 4824 plus
1488 4731 1630 4829 higeat,
1665 4736 1867 4826 duriores,
1892 4736 1931 4812 dt

408 4835 646 4908 coherentiam
670 4830 826 4923 majorem
845 4829 996 4924 praestat,
1029 4850 1126 4920 quarn
1155 4849 1391 4920 nonnunquam
1415 4828 1579 4908 observavi
1612 4840 1647 4915 ih
1668 4859 1719 4928 4,
1746 4854 1789 4928 5,
1813 4836 1866 4911 vel
1892 4836 1930 4908 6.

410 4928 581 5029 humide
603 4927 698 5027 supra
717 4947 790 5008 etur
810 4929 846 5005 in
869 4927 1054 5004 memorem
1079 4928 1308 5020 experimentis
1331 4925 1487 5002 taedium.

1046 5022 1237 5101 Ooooe
1670 5015 1927 5126 §.namium
