4992 6767
649 677 888 771 ΗΝ)
967 683 1087 774 ΒΕ
1168 683 1579 780 V'EN-T'IS.
1780 721 1899 804 aran.-

366 878 509 954 Hillotia
533 875 717 950 Ventorum
742 876 878 967 docuit,
903 894 968 967 qua
992 877 1027 950 in
1051 877 1184 970 Physica
1207 881 1261 952 vix
1284 878 1405 974 aliquid
1428 882 1733 981 magishhsolutum
1761 886 1879 963 hucus-

366 975 727 1144 qugcldrffamerentur
750 1066 872 1140 consuli
895 1071 1019 1142 monita
1045 1071 1101 1144 Cl.
1118 1071 1246 1144 Krafftii
1271 1075 1376 1169 (a),
1402 1096 1469 1151 tum
1494 1100 1568 1170 quae
1590 1076 1683 1153 Nob.
1699 1080 1800 1158 Ulloa
1862 1116 1886 1143 ··

363 1166 443 1239 didit
466 1171 500 1241 in
526 1168 743 1240 describendis
767 1167 932 1238 nonnullis
952 1172 1053 1239 ventis
1079 1172 1174 1240 maris
1200 1168 1332 1243 Pacifici
1358 1173 1449 1269 (b).
1785 1233 1788 1243 .

411 1316 443 1406 §.
469 1311 758 1388 MMDXXVIII.
784 1310 1009 1406 Quamobrem
1036 1311 1206 1403 tempestas
1224 1314 1257 1383 in
1281 1313 1398 1411 Belgio
1421 1336 1493 1387 orta
1514 1338 1533 1387 a
1554 1340 1652 1393 vento
1677 1324 1884 1400 occidentem

360 1435 428 1482 non
450 1411 565 1492 cessat,
591 1412 649 1482 nili
673 1412 760 1480 renti
782 1410 919 1480 dirediio
944 1427 1103 1493 mutetur,
1127 1428 1331 1500 vertatutque
1350 1416 1385 1482 in
1411 1411 1561 1498 Comm,
1587 1436 1641 1487 aut
1656 1419 1868 1512 Septentrio.

359 1509 459 1578 nem?
484 1507 575 1600 quod
600 1507 622 1577 st
648 1510 715 1579 cito
737 1525 877 1576 vertatur
896 1506 929 1574 in
951 1503 1252 1594 Septemtrionem,
1283 1499 1434 1597 scyllime
1464 1508 1560 1581 cessat
1587 1515 1774 1606 tempestas:
1799 1519 1868 1590 imo

359 1603 542 1694 procellae
564 1602 657 1676 Coto
684 1602 829 1674 suscitata
853 1622 1021 1692 nunquam
1043 1601 1100 1672 diu
1122 1602 1224 1677 durat.

406 1742 438 1840 ς.
462 1738 752 1813 MMDcxxtx.
814 1743 947 1812 uoniam
970 1740 1088 1812 utilitas
1111 1761 1282 1814 ventorum
1308 1745 1447 1814 maxima
1471 1747 1546 1842 est,
1578 1769 1701 1824 veteres
1731 1755 1882 1844 populi,-

357 1842 404 1909 uti
431 1836 556 1926 Persae,
581 1837 773 1922 Phoenices,
834 1840 928 1920 ruci,
953 1834 1100 1908 Romani
1125 1839 1227 1909 ventis
1249 1838 1522 1930 sacrificaverunt,
1548 1840 1583 1916 ἀ
1605 1848 1725 1939 templa
1746 1850 1867 1923 exstru-

357 1957 492 2022 xerunt,
517 1958 590 2026 quae
614 1935 781 2006 videantur
802 1934 888 2026 apud
911 1931 1056 2003 Vollium
1085 1935 1173 2027 (c).

412 2054 459 2102 ιο.
485 2032 570 2104 Usus
592 2053 705 2102 eorum
728 2031 794 2115 est,
819 2050 855 2101 ut
879 2032 954 2114 aer,
979 2033 1012 2100 in
1034 2052 1103 2121 quo
1125 2033 1287 2116 vivimus,
1319 2028 1357 2101 ἃ
1376 2036 1432 2124 qui
1467 2036 1582 2109 nostris
1607 2038 1883 2116 exhalationibus·

356 2131 567 2219 inquinatur,
601 2149 667 2198 non
693 2145 850 2218 torpeat,
890 2126 944 2196 sed
973 2147 1204 2211 removeatur,
1236 2147 1421 2214 evertatur,
1454 2132 1598 2224 aliusque
1620 2139 1731 2225 purior
1753 2140 1787 2210 in
1813 2142 1864 2212 in·

356 2224 431 2294 sesti
453 2226 563 2295 locum
589 2223 758 2304 succedat,
784 2226 841 2309 qui
863 2220 966 2291 vitalis
987 2220 1033 2290 est
1059 2225 1219 2292 trasiniis:
1244 2243 1314 2293 tum
1337 2245 1373 2295 ut
1397 2225 1513 2297 affidua
1537 2233 1706 2302 vexatione
1731 2230 1766 2303 dt
1788 2255 1860 2306 ver·

355 2322 432 2391 bere
455 2320 670 2401 discernatur,
701 2316 889 2410 digeratur,
923 2315 1112 2388 mortalibus
1136 2319 1221 2388 utilis
1246 2319 1421 2405 redditura
1455 2324 1588 2395 sienim
1613 2327 1668 2396 a‘e‘r
1691 2327 1861 2422 pigrescit,

355 2418 518 2508 praecipue
548 2413 685 2498 aestate,
717 2408 829 2480 crescit
857 2432 932 2481 cum
964 2414 1109 2482 omnium
1133 2433 1238 2483 rerum
1262 2413 1455 2486 anhelitibus
1485 2421 1518 2488 in
1542 2423 1681 2505 vitium,
1716 2426 1862 2496 oriuntur

357 2514 461 2582 ubivis
487 2528 639 2580 terrarum
664 2506 841 2602 contagiosi
864 2508 970 2578 morbi
993 2504 1029 2577 δι
1051 2507 1168 2597 peliis,
1190 2509 1289 2579 veluti
1315 2509 1389 2599 post
1409 2509 1645 2602 Hippocratem
1672 2516 1742 2614 (d)
1767 2518 1874 2591 nula*

357 2606 485 2678 Medici
506 2605 671 2674 memoriae
692 2603 931 2694 prodiderunt3.
948 2622 1010 2673 nec
1029 2606 1138 2675 minus
1160 2623 1262 2674 nocet
1286 2603 1433 2699 stagnans
1456 2608 1583 2698 plantis.

406 2721 456 2771 20.
482 2699 581 2770 Venti
601 2698 709 2771 ailrem
731 2721 750 2768 a
770 2699 878 2770 calore
902 2697 988 2770 Solis
1015 2699 1132 2770 tostum
1154 2719 1355 2790 temperant,
1380 2698 1423 2771 dr·
1433 2703 1599 2792 reficiunt,
1629 2709 1673 2778 ita
1691 2728 1727 2779 ut
1745 2712 1871 2807 regio·-

356 2819 434 2881 nes,
459 2819 532 2887 quae
552 2795 687 2866 habitari
710 2816 778 2867 non
801 2794 948 2886 pollent,
971 2794 1161 2876 habitabiles
1182 2796 1344 2866 evadant:
1370 2799 1468 2867 ita'in
1489 2798 1590 2870 indiis
1610 2800 1872 2892 Orientalibus,¹

355 2898 389 2964 in
415 2892 545 2978 Africa,
568 2893 741 2982 America,
766 2892 800 2961 in
822 2888 986 2960 littoribus
1007 2892 1234 2974 continentis,
1268 2885 1302 2958 ἃ
1326 2892 1360 2960 in
1379 2889 1486 2963 insulis
1512 2895 1593 2964 intra
1619 2894 1782 2986 Tropicos
1803 2898 1873 2989 ja···

354 2990 522 3076 centibus,
548 2986 646 3058 Venti
667 2985 803 3058 Terreni
826 2985 968 3076 vesperi,
998 2983 1120 3057 Marini
1139 2986 1279 3055 interdiu
1301 2983 1439 3077 spirant,
1465 2986 1518 3060 sua
1546 3010 1622 3061 aura
1651 2991 1871 3080 reficientes,-

355 3082 391 3157 δι
414 3085 633 3180 refrigerantes
654 3083 761 3165 Aean,
786 3102 931 3164 terram,
945 3102 1063 3173 aquas,
1088 3082 1246 3151 matutino
1269 3078 1347 3150 Sole
1362 3079 1428 3172 jam
1453 3082 1632 3156 aeiluantes.
1678 3088 1718 3159 ln
1742 3089 1874 3163 nostris·

355 3182 543 3277 regionibus
566 3179 670 3250 aestate
691 3178 799 3268 plures
820 3177 963 3265 perirent
985 3175 1156 3256 messores,
1188 3174 1245 3244 nifi
1268 3195 1366 3247 vento
1387 3176 1622 3266 reficerentur,
1654 3203 1723 3272 quo
1745 3184 1873 3257 silente·

352 3296 585 3367 nonnunquam
609 3273 736 3344 lethalis
754 3271 847 3342 estus
861 3272 907 3342 eil
933 3268 1010 3365 (e).
1058 3268 1186 3341 ldcirco
1202 3289 1316 3342 ventus
1336 3293 1355 3343 a
1375 3273 1530 3347 mensium
1556 3274 1876 3353 ferveanffinoruma

351 3376 506 3469 gravitate
529 3393 590 3442 nos
613 3367 769 3439 desendit.

401 3479 451 3560 3⁰.
476 3463 738 3536 Venti-calorem
761 3460 796 3532 ἃ
819 3462 919 3557 srigus
940 3483 981 3532 ex
1004 3484 1069 3532 una
1095 3465 1229 3559 regione
1249 3466 1282 3535 in
1306 3462 1436 3537 alteram
1466 3467 1685 3540 transfemnta
1718 3471 1874 3563 quando*

350 3566 438 3634 enim
463 3562 581 3650 hyeme
611 3560 807 3649 septemtrio
834 3558 955 3648 apolo
981 3556 1097 3630 afflans
1127 3563 1232 3632 boreo
1264 3559 1355 3650 supra
1383 3581 1470 3630 mare
1498 3561 1631 3655 glaciale
1662 3564 1790 3637 advenit
1818 3572 1871 3640 ἰιιι

350 3680 469 3730 novam
483 3656 645 3728 Semblam
656 3704 668 3738 ,
681 3652 716 3724 dt
733 3654 775 3723 ad
795 3652 903 3724 littora
919 3653 1197 3745 Septemtrionalia
1207 3653 1327 3727 Ruffiae
1340 3655 1444 3751 frigus
1453 3653 1545 3731 affert
1560 3656 1874 3746 adurentiffimum„

347 3755 441 3920 glppd
463 3747 841 3918 lgominesfi&flamrpdia
864 3751 1046 3914 intestimit,
1075 3752 1132 3916 aff
1154 3754 1310 3917 inantgis
1332 3751 1541 3918 subterraffiIis
1561 3753 1698 3826 durante
1722 3752 1852 3924 1ὶᾶωὲ

510 3865 762 3917 ntamea
820 3866 953 3915 rumn
1036 3865 1459 3917 inmencaetemo
1857 3867 1865 3912 .·

347 3869 509 4037 (ἱείὲΐίἓΐιῗ
529 3870 718 4013 Kliddleton
743 3865 830 4105 (ᾗ
879 3939 917 4010 In
945 3867 1078 4011 ffibu,
1102 3940 1241 4023 Chinae,
1266 3866 1435 4030 Calsntotrt:7
1447 3940 1489 4013 δι.
1508 3868 1695 4034 Ηξῗεῗεῐιξυί
1711 3872 1789 4020 fiee}
1807 3945 1868 4018 adi-

348 4061 526 4113 extremum
551 4060 644 4109 zonae
678 4038 756 4107 torri
779 4058 807 4107 ae
840 4034 1050 4127 jacentibus,
1079 4036 1198 4107 incolae
1225 4038 1369 4128 pelliceis
1393 4037 1532 4110 vestibus
1559 4062 1669 4112 arcere
1698 4062 1868 4115 tenentur?

347 4138 477 4234 frigus,
507 4136 598 4229 quod
617 4137 704 4207 venti
727 4131 1009 4225 septemtrionales
1032 4153 1052 4199 a
1072 4133 1238 4204 montibus
1258 4132 1438 4208 Provinciae
1462 4133 1594 4224 Kittay,
1630 4159 1687 4208 ao.
1712 4140 1763 4211 vel
1790 4156 1869 4248 goa·-

421 4427 481 4502 (ι)
500 4428 694 4487 commentar.
713 4421 863 4500 Petropol.
883 4419 954 4481 Vol.
974 4421 1028 4482 xi.

423 4502 484 4579 (lt)
501 4506 621 4576 voyage
641 4515 678 4559 au
696 4498 792 4560 Perou
812 4502 899 4561 Tam.
921 4516 949 4560 a.
976 4499 1042 4558 Lis.
1061 4512 1091 4559 a.
1111 4496 1166 4562 Cn.
1188 4512 1218 4569 3.

421 4582 481 4655 (e)
499 4579 646 4651 Theolog.
664 4575 776 4638 Gentis.
796 4578 864 4639 le.
880 4593 908 4650 ³·
928 4586 1003 4652 part.
1027 4589 1054 4635 r.
1076 4577 1149 4653 cap.
1166 4590 1194 4636 r.

421 4659 464 4734 (d
504 4659 696 4734 Hippocrates
713 4654 779 4715 Lib.
801 4670 828 4729 ³·
850 4653 1047 4733 Epidemlcor.

419 4740 461 4812 (e
501 4736 631 4796 Derbam
651 4732 797 4810 Theolog.
817 4733 926 4812 Physsc.
946 4732 1013 4796 le.
1030 4747 1057 4797 i.
1077 4729 1148 4811 Cup·
1161 4745 1197 4795 ω’

425 4812 482 4897 (s)
501 4810 668 4890 ruthuna.
688 4812 838 4878 Tanau
855 4814 912 4879 tta
929 4816 999 4888 4⁶5·
