4992 6767
548 649 1640 822 „.g.,g3uru-oa1,aaouu1's.
1741 696 1862 800 iou

325 886 445 983 pierre,
470 883 621 955 oriuntur
642 882 798 972 scitule,
814 884 920 979 ignee
935 902 1033 972 eum
1047 887 1172 977 crepitu
1185 905 1347 983 magno,
1373 886 1437 958 stre
1460 885 1607 971 fulmina,
1626 882 1662 956 dt
1688 888 1857 977 tonitrua;

326 989 474 1058 uticum
497 981 637 1078 digitum
665 983 781 1053 tubum
803 978 910 1052 versus
933 978 1084 1065 ferreum·
1097 985 1310 1062 eleslrisatum
1333 985 1535 1056 arserimus:
1567 984 1775 1055 electricitate
1798 988 1857 1056 ab·

326 1076 731 1270 iiiiiiiisialll?
750 1078 1169 1273 iiiiliiiilli
1182 1082 1361 1250 ‘iili
1374 1103 1630 1276 ,ῖέῗῖἒὲιιῗῗξ
1652 1082 1860 1266 iiiiii

329 1297 398 1370 quo
421 1276 532 1369 plures
558 1274 802 1370 conglaeiantee
823 1272 933 1366 causas
958 1272 1159 1348 offendunt:
1192 1280 1333 1368 primurn
1354 1280 1485 1368 quidem
1511 1277 1583 1350 sunt
1610 1280 1768 1363 minora,
1801 1275 1860 1347 sed

326 1373 417 1466 lapsu
437 1377 471 1445 in
497 1371 558 1444 alla
585 1391 744 1471 augentur
765 1375 799 1443 in
831 1369 1011 1463 quamlibet
1035 1375 1296 1469 magnitudinem
1318 1376 1502 1471 irregularis
1530 1375 1670 1471 figutae,
1710 1374 1796 1447 adeo
1824 1392 1861 1446 ιιι

328 1472 444 1546 eradat
468 1469 573 1543 moles
593 1467 736 1568 glacial‘u
758 1471 966 1561 interrupta,
991 1491 1033 1542 ex
1057 1473 1152 1542 variis
1174 1469 1280 1544 frustis
1303 1495 1467 1545 concreta.

381 1566 521 1644 Gurdo
544 1567 615 1644 hac
642 1589 685 1640 ex
703 1565 795 1640 edito
823 1570 899 1640 aere
928 1566 1068 1639 decidua
1097 1587 1175 1640 cum
1199 1592 1316 1665 magna
1339 1567 1569 1656 celeritate,&
1599 1574 1725 1662 impetu
1750 1574 1783 1643 in
1811 1569 1865 1642 so·

332 1666 401 1740 lum
433 1667 550 1753 cadrt3
582 1686 725 1758 cumque
755 1662 792 1735 lit
819 1664 898 1735 dura
920 1662 1068 1760 glacies,
1108 1664 1219 1736 foveas
1245 1667 1401 1756 pollicem
1431 1670 1510 1740 altas
1533 1668 1604 1742 solo
1627 1671 1798 1761 imprimit,
1821 1688 1864 1738 ex

333 1785 418 1855 aqua
443 1785 551 1857 partes
571 1763 614 1835 ad
639 1763 772 1854 pertica
802 1757 1004 1833 altitudinem
1035 1763 1184 1846 excutit,
1219 1784 1290 1832 earn
1316 1767 1349 1834 in
1378 1766 1604 1836 ebullitionem
1631 1768 1718 1857 quob
1753 1767 1865 1837 conci·

333 1880 410 1946 (ιιι
435 1863 469 1931 in
497 1860 598 1934 duros
624 1859 735 1951 illapsa
757 1858 881 1951 lapides
901 1862 943 1926 ad
963 1856 1166 1928 altitudinem
1195 1878 1215 1949 3
1242 1859 1294 1929 vel
1320 1883 1342 1949 4
1377 1859 1617 1950 hexapedarum
1643 1862 1770 1948 refilit3
1813 1865 1864 1933 in·

333 1963 430 2030 terim
453 1980 587 2055 magnas
610 1956 807 2029 calamitates
834 1954 927 2039 edit,
954 1953 1149 2038 sternendo,
1174 1955 1411 2026 contundendo
1438 1957 1609 2052 segetem,
1634 1958 1775 2042 herbas,
1801 1958 1868 2031 sru-

331 2058 406 2127 eius
430 2077 472 2128 ex
493 2056 663 2128 arboribus
688 2052 915 2138 excutiendo,
952 2050 1105 2123 laedendo
1146 2051 1298 2123 arborum
1323 2073 1460 2137 ramos,
1486 2056 1605 2126 edium
1634 2056 1744 2140 tedia,
1777 2053 1868 2126 sene·

329 2154 466 2225 litatum
490 2150 802 2319 gittadsrangendm
827 2145 928 2236 feras,
948 2146 983 2219 δι
1004 2169 1127 2237 pecora
1149 2150 1183 2217 in
1197 2148 1361 2238 pascuis,
1394 2170 1470 2220 aves
1494 2153 1529 2232 ip
1551 2152 1676 2240 sylvis,
1699 2149 1868 2224 homines·

361 2268 620 2319 mmmm

331 2271 358 2341 q
383 2343 536 2416 Dubitari
559 2343 678 2433 posset,
699 2363 741 2413 an
761 2339 901 2425 fulmen,
915 2335 953 2411 ’δι
979 2341 1130 2429 tonitru,
1157 2338 1248 2434 cujus
1275 2341 1371 2415 sonus
1391 2363 1435 2415 eo
1458 2359 1607 2436 tempore
1621 2342 1707 2415 clare
1728 2342 1870 2430 cuditur,

330 2448 370 2515 in
394 2461 482 2513 tanta
502 2438 674 2534 altitudine
695 2460 715 2508 a
743 2457 826 2509 terra
860 2441 1013 2519 eveniat,
1046 2458 1084 2508 ut
1106 2437 1198 2510 causa
1222 2441 1386 2535 grandinis
1408 2441 1503 2534 hujus
1525 2439 1593 2510 sui
1635 2440 1690 2512 sed
1708 2440 1750 2511 ad
1775 2441 1871 2511 miui·

335 2561 427 2610 mum
447 2537 627 2607 exauditur
650 2535 736 2606 clare
764 2538 885 2607 tonitru
910 2539 943 2607 ln
975 2534 1121 2608 distantia
1154 2536 1403 2627 sesquimilliaris
1436 2540 1500 2612 live
1526 2538 1647 2610 21600
1673 2539 1755 2629 ped:
1782 2536 1870 2631 poli·

334 2657 374 2707 to
394 2651 502 2705 autem
528 2631 643 2705 infimo
667 2632 771 2703 limite
794 2635 937 2727 regionis
958 2631 1070 2704 nivalis
1094 2649 1192 2725 900‘0
1217 2636 1301 2723 ped:
1320 2653 1425 2726 patet,
1449 2637 1553 2708 nubes
1572 2634 1746 2708 fruimineas
1762 2637 1797 2707 in
1818 2655 1871 2708 re·

338 2735 439 2829 gione
459 2730 556 2803 niuali
579 2727 718 2815 versari,
743 2733 791 2800 uti
813 2749 948 2823 quoque
971 2729 1064 2800 antea
1087 2732 1118 2801 in
1143 2731 1285 2802 nubibus
1309 2733 1559 2804 observavimus.

372 2828 518 2999 flr'rigida
543 2827 615 2898 haec
637 2827 757 2924 glacies
779 2837 847 2920 per·
870 2823 1030 2900 calentem
1058 2825 1184 2921 delapsa
1212 2822 1321 2901 aaran
1348 2879 1360 2915 ,
1404 2849 1480 2902 eum
1507 2824 1542 2900 ἃ
1566 2828 1672 2908 solum
1693 2826 1871 2902 necellaria

336 2940 372 2999 re
401 2929 514 3023 igerat.
594 2969 596 2974 ·
829 2957 831 2961 ·
1538 2933 1541 2940 '
1666 2928 1676 2980 ἴ

383 3065 416 3166 §.
442 3057 761 3139 Mllcccxcvr.
788 3058 929 3134 Grando
954 3082 1193 3153 nonnunquam
1215 3060 1451 3132 dirersrssunaru
1475 3110 1487 3143 ,
1513 3060 1566 3131 sed
1595 3081 1639 3132 eo
1664 3081 1813 3154 ternpore
1832 3062 1871 3136 in

336 3164 490 3240 annuus
518 3165 625 3260 granis
656 3160 793 3232 eandem
827 3160 933 3230 induit
955 3158 1126 3254 figuram:
1163 3158 1312 3239 constat,
1341 3156 1434 3228 suilse
1456 3157 1587 3246 planam
1613 3159 1709 3230 instar
1730 3158 1872 3229 lamella·

336 3285 436 3348 rum,
462 3263 547 3333 duos
569 3258 707 3352 pollices
729 3257 931 3353 longarum,
957 3278 1058 3327 unum
1086 3256 1243 3326 latarum:
1270 3273 1339 3325 turn
1362 3253 1454 3326 suillo
1477 3255 1664 3348 punicam,
1689 3253 1874 3349 pyramide,

335 3360 429 3447 lem,
453 3356 731 3439 semirotundam,
756 3353 975 3449 angulosum,
1001 3352 1229 3442 comprelsam.
1465 3347 1470 3360 '
1502 3349 1505 3358 '

386 3459 441 3528 An
460 3457 533 3526 baec
551 3477 619 3523 non
652 3453 800 3540 pendent
823 3472 842 3517 a
867 3449 1004 3541 srigore,
1029 3446 1065 3516 dt
1091 3447 1255 3535 particulis
1285 3446 1621 3546 conglaciantibusnin
1653 3451 1788 3547 regione
1810 3447 1874 3524 Ate

339 3552 531 3638 mosphoerae
555 3544 683 3624 nivali,
718 3563 793 3628 quae
814 3557 951 3628 propter
973 3542 1117 3607 admixta
1142 3540 1236 3622 alia,
1281 3542 1492 3625 incompertae
1511 3543 1586 3624 ,huc
1617 3565 1723 3634 usque
1753 3546 1873 3619 consti.

339 3647 505 3724 tutionis,
531 3638 649 3729 pluvioe
674 3653 783 3729 guttas
805 3636 838 3704 in
862 3632 1001 3728 glaciem
1025 3631 1218 3706 diversarum
1234 3629 1457 3723 crystallorum
1474 3634 1566 3721 ,sed
1579 3639 1774 3730 quibusdan
1791 3660 1875 3713 tem·

341 3743 478 3838 poribus
502 3733 647 3827 ejusdem
673 3731 814 3825 figurae,
837 3730 999 3826 cogunt?

392 3865 422 3963 §.
449 3852 789 3934 MMCCCXCVll.
815 3852 928 3947 Quare
947 3878 1046 3941 non,
1071 3859 1126 3929 atit
1148 3865 1248 3944 raro,
1284 3855 1372 3932 cadit
1396 3858 1522 3955 grando
1546 3860 1738 3935 inutilibus
1762 3864 1805 3935 ita
1826 3860 1875 3958 ja·

344 3964 524 4046 centibus,
556 3978 595 4030 ut
618 3971 748 4027 montes
772 3951 833 4023 srnt
864 3952 906 4023 ad
932 3956 1118 4041 orientem,
1152 3958 1197 4027 uti
1222 3954 1400 4027 observavit
1431 3957 1668 4031 Scheuehserus
1693 3964 1726 4031 in
1752 3954 1876 4035 Helve-

343 4065 398 4134 tiae
422 4058 584 4140 uallibus,
610 4056 644 4126 in
670 4048 893 4146 Glatuugnli,
918 4049 1093 4136 walliis,
1118 4052 1271 4137 Weseu,
1298 4049 1444 4122 Galles-i
1468 4047 1525 4124 an'
1539 4051 1610 4126 non'
1632 4049 1770 4149 propler
1794 4047 1872 4147 plu·

344 4160 447 4231 runos
470 4154 558 4227 Solis
584 4149 691 4224 radios
706 4199 723 4239 ,
745 4170 766 4220 a
783 4149 955 4238 montibus
975 4146 1148 4238 reflexos,
1179 4143 1215 4217 dt
1235 4149 1428 4243 grandinem
1448 4147 1611 4222 labentem
1637 4153 1873 4248 refundentes?

391 4279 427 4372 5.
452 4272 805 4354 ruurccclicwll.
830 4272 970 4346 Dierum
994 4285 1184 4354 numerus,
1223 4272 1344 4364 quibus
1367 4265 1537 4368 grandinat
1559 4274 1645 4370 anni'
1658 4272 1793 4370 spatio,
1826 4271 1874 4350 est

345 4382 513 4465 incertus,
535 4376 701 4450 intertium
725 4394 795 4446 uno
816 4393 904 4445 anno
927 4369 1030 4463 duplu
1055 4369 1256 4461 frequentius
1278 4367 1450 4467 grandinat
1470 4367 1574 4452 altero
1595 4363 1791 4458 ,','ut·nun'c
1812 4363 1875 4450 lini

349 4496 399 4570 5,
422 4497 511 4549 nunc
538 4498 584 4547 ro
599 4475 704 4570 ,uallo
724 4494 819 4546 anno.
839 4494 908 4558 ao,
936 4492 1013 4562 24,
1037 4468 1107 4540 dies
1126 4468 1339 4565 grandinosi3
1373 4468 1518 4543 medium
1544 4492 1718 4546 numerum
1743 4491 1785 4545 ex
1811 4471 1876 4543 ub·

346 4572 579 4649 luvanonibus
607 4570 784 4645 multorum
811 4590 969 4643 annorum
1001 4567 1253 4657 computando,
1287 4571 1394 4639 inveni
1417 4567 1586 4661 Ultrajesli
1611 4575 1714 4645 oslies
1745 4565 1876 4669 grandi·

348 4691 455 4754 nare,
481 4667 603 4759 Leydae
630 4691 677 4760 ¹4
702 4689 757 4741 aut
787 4690 829 4762 ις
855 4668 1003 4761 quolibet
1027 4688 1135 4738 anno:
1171 4688 1338 4757 nunquam
1361 4665 1463 4752 flante
1484 4665 1581 4764 Euro
1600 4667 1873 4770 grandinemob·

350 4766 497 4852 servavi,
531 4766 626 4838 semel
652 4766 789 4859 spirante
810 4767 956 4838 lluliro:
996 4768 1125 4857 quoties
1154 4764 1500 4864 grandinaverircuru
1522 4765 1873 4862 varila'ventis-'spatio

347 4868 497 4959 quinque
520 4886 679 4937 annorum
704 4864 747 4934 fic
768 4864 914 4935 habeto:
948 4860 1062 4937 Flante
1084 4862 1234 4937 Favonio
1266 4886 1334 4957 13,
1360 4864 1473 4940 Caura¹
1500 4863 1533 4940 8,
1553 4865 1812 4963 ,septemtrione
1834 4878 1872 4947 9·

348 4963 520 5058 Aquilone
545 4987 581 5038 a.
604 4962 729 5039 Salano
754 4983 791 5038 a.
815 4960 931 5037 Africo
955 4980 991 5059 5.
1017 4963 1164 5138 quodefu
1172 4959 1494 5060 ungulrsneuruus
1509 4965 1873 5062 [redamantium

1171 5084 1193 5136 u
1217 5083 1271 5135 uu
1296 5084 1349 5137 nu
1780 5070 1875 5151 grin·
