<?xml version="1.0" encoding="UTF-8"?>
<!DOCTYPE html PUBLIC "-//W3C//DTD XHTML 1.0 Transitional//EN"
    "http://www.w3.org/TR/xhtml1/DTD/xhtml1-transitional.dtd">
<html xmlns="http://www.w3.org/1999/xhtml" xml:lang="en" lang="en">
 <head>
  <title>
</title>
<meta http-equiv="Content-Type" content="text/html;charset=utf-8" />
  <meta name='ocr-system' content='tesseract 3.04.00' />
  <meta name='ocr-capabilities' content='ocr_page ocr_carea ocr_par ocr_line ocrx_word'/>
</head>
<body>
  <div class='ocr_page' id='page_1' title='image "./introductioadph00lulogoog_0562.png"; bbox 0 0 4992 6767; ppageno 0'>
   <div class='ocr_carea' id='block_1_1' title="bbox 447 693 1929 996">
    <p class='ocr_par' dir='ltr' id='par_1_1' title="bbox 447 693 1929 996">
     <span class='ocr_line' id='line_1_1' title="bbox 610 693 1929 820; baseline 0.005 -31"><span class='ocrx_word' id='word_1_1' title='bbox 610 701 718 789; x_wconf 84' lang='lat' dir='ltr'>ou</span> <span class='ocrx_word' id='word_1_2' title='bbox 781 693 1274 787; x_wconf 78' lang='lat' dir='ltr'>murnonrs</span> <span class='ocrx_word' id='word_1_3' title='bbox 1331 699 1677 793; x_wconf 72' lang='lat' dir='ltr'>retvers.</span> <span class='ocrx_word' id='word_1_4' title='bbox 1822 737 1929 820; x_wconf 84' lang='lat'>1079</span> 
     </span>
     <span class='ocr_line' id='line_1_2' title="bbox 447 869 1923 996; baseline 0.001 -20"><span class='ocrx_word' id='word_1_5' title='bbox 447 902 480 993; x_wconf 86' lang='lat'>§.</span> <span class='ocrx_word' id='word_1_6' title='bbox 506 897 797 975; x_wconf 83' lang='lat' dir='ltr'>Mmuxxxut.</span> <span class='ocrx_word' id='word_1_7' title='bbox 824 896 991 993; x_wconf 87' lang='lat' dir='ltr'><strong>Quoniam</strong></span> <span class='ocrx_word' id='word_1_8' title='bbox 1015 901 1048 970; x_wconf 90' lang='lat' dir='ltr'>in</span> <span class='ocrx_word' id='word_1_9' title='bbox 1074 897 1280 994; x_wconf 88' lang='lat' dir='ltr'>Regionibus</span> <span class='ocrx_word' id='word_1_10' title='bbox 1302 869 1439 984; x_wconf 86' lang='lat' dir='ltr'>boreis,</span> <span class='ocrx_word' id='word_1_11' title='bbox 1472 904 1519 973; x_wconf 91' lang='lat' dir='ltr'>uti</span> <span class='ocrx_word' id='word_1_12' title='bbox 1544 904 1577 975; x_wconf 93' lang='lat' dir='ltr'>in</span> <span class='ocrx_word' id='word_1_13' title='bbox 1599 906 1750 975; x_wconf 85' lang='lat' dir='ltr'>Ameriea</span> <span class='ocrx_word' id='word_1_14' title='bbox 1774 907 1923 996; x_wconf 88' lang='lat' dir='ltr'>Septem·</span> 
     </span>
    </p>
   </div>
   <div class='ocr_carea' id='block_1_2' title="bbox 396 993 1935 5167">
    <p class='ocr_par' dir='ltr' id='par_1_2' title="bbox 396 993 1927 3806">
     <span class='ocr_line' id='line_1_3' title="bbox 401 993 1922 1097; baseline 0.004 -28"><span class='ocrx_word' id='word_1_15' title='bbox 401 1001 558 1083; x_wconf 90' lang='lat' dir='ltr'>ttionali‚</span> <span class='ocrx_word' id='word_1_16' title='bbox 589 1002 622 1070; x_wconf 91' lang='lat' dir='ltr'>in</span> <span class='ocrx_word' id='word_1_17' title='bbox 647 999 791 1085; x_wconf 86' lang='lat' dir='ltr'>Suecia,</span> <span class='ocrx_word' id='word_1_18' title='bbox 817 995 959 1074; x_wconf 87' lang='lat' dir='ltr'>Rullia,</span> <span class='ocrx_word' id='word_1_19' title='bbox 985 995 1122 1082; x_wconf 90' lang='lat' dir='ltr'>Dania,</span> <span class='ocrx_word' id='word_1_20' title='bbox 1148 993 1356 1082; x_wconf 85' lang='lat' dir='ltr'>Germania,</span> <span class='ocrx_word' id='word_1_21' title='bbox 1382 999 1526 1096; x_wconf 90' lang='lat' dir='ltr'>Belgi0,</span> <span class='ocrx_word' id='word_1_22' title='bbox 1552 1001 1746 1080; x_wconf 80' lang='lat' dir='ltr'>Britannia,</span> <span class='ocrx_word' id='word_1_23' title='bbox 1780 1026 1799 1073; x_wconf 88' lang='lat' dir='ltr'>a</span> <span class='ocrx_word' id='word_1_24' title='bbox 1822 1003 1922 1097; x_wconf 84' lang='lat' dir='ltr'>frigo-</span> 
     </span>
     <span class='ocr_line' id='line_1_4' title="bbox 401 1095 1922 1194; baseline 0.001 -27"><span class='ocrx_word' id='word_1_25' title='bbox 401 1117 436 1167; x_wconf 91' lang='lat' dir='ltr'>re</span> <span class='ocrx_word' id='word_1_26' title='bbox 459 1098 633 1186; x_wconf 89' lang='lat' dir='ltr'>hybern0,</span> <span class='ocrx_word' id='word_1_27' title='bbox 659 1100 761 1180; x_wconf 91' lang='lat' dir='ltr'>nive,</span> <span class='ocrx_word' id='word_1_28' title='bbox 785 1095 915 1191; x_wconf 86' lang='lat' dir='ltr'>glacie,</span> <span class='ocrx_word' id='word_1_29' title='bbox 942 1095 1053 1167; x_wconf 84' lang='lat' dir='ltr'>Tetrae</span> <span class='ocrx_word' id='word_1_30' title='bbox 1076 1115 1187 1166; x_wconf 86' lang='lat' dir='ltr'>cortex</span> <span class='ocrx_word' id='word_1_31' title='bbox 1211 1099 1351 1166; x_wconf 85' lang='lat' dir='ltr'>exterior</span> <span class='ocrx_word' id='word_1_32' title='bbox 1382 1099 1630 1194; x_wconf 88' lang='lat' dir='ltr'>constringitur,</span> <span class='ocrx_word' id='word_1_33' title='bbox 1656 1100 1761 1172; x_wconf 91' lang='lat' dir='ltr'>multo</span> <span class='ocrx_word' id='word_1_34' title='bbox 1788 1105 1922 1191; x_wconf 87' lang='lat' dir='ltr'>paucio·</span> 
     </span>
     <span class='ocr_line' id='line_1_5' title="bbox 400 1191 1921 1285; baseline 0.002 -21"><span class='ocrx_word' id='word_1_35' title='bbox 400 1213 451 1264; x_wconf 87' lang='lat' dir='ltr'>res</span> <span class='ocrx_word' id='word_1_36' title='bbox 480 1220 520 1268; x_wconf 91' lang='lat' dir='ltr'>ex</span> <span class='ocrx_word' id='word_1_37' title='bbox 540 1194 685 1265; x_wconf 91' lang='lat' dir='ltr'>interiori</span> <span class='ocrx_word' id='word_1_38' title='bbox 711 1193 843 1264; x_wconf 88' lang='lat' dir='ltr'>Tellure</span> <span class='ocrx_word' id='word_1_39' title='bbox 869 1191 1066 1282; x_wconf 88' lang='lat' dir='ltr'>exspirantur</span> <span class='ocrx_word' id='word_1_40' title='bbox 1091 1192 1270 1277; x_wconf 74' lang='lat' dir='ltr'>anhelitus,</span> <span class='ocrx_word' id='word_1_41' title='bbox 1295 1194 1463 1285; x_wconf 89' lang='lat' dir='ltr'>exspirati,</span> <span class='ocrx_word' id='word_1_42' title='bbox 1486 1194 1519 1265; x_wconf 82' lang='lat' dir='ltr'>dt</span> <span class='ocrx_word' id='word_1_43' title='bbox 1544 1197 1773 1269; x_wconf 83' lang='lat' dir='ltr'>adscendentes</span> <span class='ocrx_word' id='word_1_44' title='bbox 1804 1203 1836 1268; x_wconf 94' lang='lat' dir='ltr'>in</span> <span class='ocrx_word' id='word_1_45' title='bbox 1867 1196 1921 1268; x_wconf 92' lang='lat' dir='ltr'>fri·</span> 
     </span>
     <span class='ocr_line' id='line_1_6' title="bbox 400 1289 1922 1392; baseline 0.001 -27"><span class='ocrx_word' id='word_1_46' title='bbox 400 1294 512 1392; x_wconf 83' lang='lat' dir='ltr'>gidum</span> <span class='ocrx_word' id='word_1_47' title='bbox 542 1293 650 1365; x_wconf 52' lang='lat' dir='ltr'>aerem</span> <span class='ocrx_word' id='word_1_48' title='bbox 681 1313 778 1384; x_wconf 90' lang='lat' dir='ltr'>parca</span> <span class='ocrx_word' id='word_1_49' title='bbox 813 1289 1113 1361; x_wconf 91' lang='lat' dir='ltr'>circumfunduntur</span> <span class='ocrx_word' id='word_1_50' title='bbox 1145 1290 1378 1375; x_wconf 79' lang='lat' dir='ltr'>eleciricitate,</span> <span class='ocrx_word' id='word_1_51' title='bbox 1420 1297 1576 1382; x_wconf 91' lang='lat' dir='ltr'>quoniam</span> <span class='ocrx_word' id='word_1_52' title='bbox 1608 1299 1678 1366; x_wconf 89' lang='lat' dir='ltr'>haec</span> <span class='ocrx_word' id='word_1_53' title='bbox 1712 1296 1816 1366; x_wconf 93' lang='lat' dir='ltr'>multo</span> <span class='ocrx_word' id='word_1_54' title='bbox 1849 1318 1922 1386; x_wconf 89' lang='lat' dir='ltr'>par·</span> 
     </span>
     <span class='ocr_line' id='line_1_7' title="bbox 399 1387 1921 1488; baseline -0.004 -19"><span class='ocrx_word' id='word_1_55' title='bbox 399 1402 469 1468; x_wconf 90' lang='lat' dir='ltr'>cius</span> <span class='ocrx_word' id='word_1_56' title='bbox 494 1394 611 1482; x_wconf 85' lang='lat' dir='ltr'>hyeme</span> <span class='ocrx_word' id='word_1_57' title='bbox 640 1393 674 1459; x_wconf 92' lang='lat' dir='ltr'>in</span> <span class='ocrx_word' id='word_1_58' title='bbox 705 1411 747 1460; x_wconf 86' lang='lat' dir='ltr'>eo</span> <span class='ocrx_word' id='word_1_59' title='bbox 771 1387 887 1469; x_wconf 92' lang='lat' dir='ltr'>adest,</span> <span class='ocrx_word' id='word_1_60' title='bbox 919 1389 995 1458; x_wconf 88' lang='lat' dir='ltr'>ideo</span> <span class='ocrx_word' id='word_1_61' title='bbox 1027 1388 1186 1459; x_wconf 82' lang='lat' dir='ltr'>infelicius</span> <span class='ocrx_word' id='word_1_62' title='bbox 1217 1390 1366 1460; x_wconf 72' lang='lat' dir='ltr'>elecitica</span> <span class='ocrx_word' id='word_1_63' title='bbox 1396 1394 1616 1481; x_wconf 90' lang='lat' dir='ltr'>experimenta</span> <span class='ocrx_word' id='word_1_64' title='bbox 1644 1393 1781 1488; x_wconf 84' lang='lat' dir='ltr'>frigente</span> <span class='ocrx_word' id='word_1_65' title='bbox 1806 1395 1921 1478; x_wconf 89' lang='lat' dir='ltr'>coelo,</span> 
     </span>
     <span class='ocr_line' id='line_1_8' title="bbox 400 1485 1920 1586; baseline -0.003 -21"><span class='ocrx_word' id='word_1_66' title='bbox 400 1517 498 1586; x_wconf 92' lang='lat' dir='ltr'>quam</span> <span class='ocrx_word' id='word_1_67' title='bbox 524 1489 630 1562; x_wconf 79' lang='lat' dir='ltr'>allate</span> <span class='ocrx_word' id='word_1_68' title='bbox 656 1487 851 1560; x_wconf 92' lang='lat' dir='ltr'>succedunt:</span> <span class='ocrx_word' id='word_1_69' title='bbox 886 1507 947 1556; x_wconf 93' lang='lat' dir='ltr'>nec</span> <span class='ocrx_word' id='word_1_70' title='bbox 971 1485 1095 1576; x_wconf 87' lang='lat' dir='ltr'>semper</span> <span class='ocrx_word' id='word_1_71' title='bbox 1118 1485 1307 1556; x_wconf 75' lang='lat' dir='ltr'>eleslricitas</span> <span class='ocrx_word' id='word_1_72' title='bbox 1329 1485 1374 1556; x_wconf 89' lang='lat' dir='ltr'>est</span> <span class='ocrx_word' id='word_1_73' title='bbox 1403 1510 1462 1579; x_wconf 93' lang='lat' dir='ltr'>per</span> <span class='ocrx_word' id='word_1_74' title='bbox 1484 1491 1727 1582; x_wconf 81' lang='lat' dir='ltr'>atmofphaeram</span> <span class='ocrx_word' id='word_1_75' title='bbox 1754 1492 1920 1582; x_wconf 87' lang='lat' dir='ltr'>aequabili·</span> 
     </span>
     <span class='ocr_line' id='line_1_9' title="bbox 399 1580 1920 1679; baseline -0.003 -16"><span class='ocrx_word' id='word_1_76' title='bbox 399 1612 449 1663; x_wconf 94' lang='lat' dir='ltr'>ter</span> <span class='ocrx_word' id='word_1_77' title='bbox 469 1588 655 1662; x_wconf 88' lang='lat' dir='ltr'>distributa:</span> <span class='ocrx_word' id='word_1_78' title='bbox 679 1588 782 1657; x_wconf 92' lang='lat' dir='ltr'>nubes</span> <span class='ocrx_word' id='word_1_79' title='bbox 797 1586 893 1679; x_wconf 86' lang='lat' dir='ltr'>igitur</span> <span class='ocrx_word' id='word_1_80' title='bbox 910 1604 978 1655; x_wconf 91' lang='lat' dir='ltr'>turn</span> <span class='ocrx_word' id='word_1_81' title='bbox 1002 1581 1171 1665; x_wconf 86' lang='lat' dir='ltr'>formatae,</span> <span class='ocrx_word' id='word_1_82' title='bbox 1194 1580 1228 1652; x_wconf 72' lang='grc' dir='ltr'>ἃ</span> <span class='ocrx_word' id='word_1_83' title='bbox 1253 1587 1286 1654; x_wconf 95' lang='lat' dir='ltr'>in</span> <span class='ocrx_word' id='word_1_84' title='bbox 1311 1584 1437 1655; x_wconf 87' lang='lat' dir='ltr'>sublimi</span> <span class='ocrx_word' id='word_1_85' title='bbox 1460 1608 1606 1659; x_wconf 92' lang='lat' dir='ltr'>natantes</span> <span class='ocrx_word' id='word_1_86' title='bbox 1625 1612 1736 1679; x_wconf 86' lang='lat' dir='ltr'>parum</span> <span class='ocrx_word' id='word_1_87' title='bbox 1760 1589 1920 1659; x_wconf 77' lang='lat' dir='ltr'>elesiticae</span> 
     </span>
     <span class='ocr_line' id='line_1_10' title="bbox 400 1680 1921 1779; baseline -0.003 -18"><span class='ocrx_word' id='word_1_88' title='bbox 400 1710 506 1761; x_wconf 91' lang='lat' dir='ltr'>erunt.</span> <span class='ocrx_word' id='word_1_89' title='bbox 565 1683 657 1756; x_wconf 90' lang='lat' dir='ltr'>Patet</span> <span class='ocrx_word' id='word_1_90' title='bbox 680 1686 801 1779; x_wconf 91' lang='lat' dir='ltr'>igitur,</span> <span class='ocrx_word' id='word_1_91' title='bbox 830 1702 927 1771; x_wconf 90' lang='lat' dir='ltr'>quarn</span> <span class='ocrx_word' id='word_1_92' title='bbox 950 1681 996 1750; x_wconf 94' lang='lat' dir='ltr'>ob</span> <span class='ocrx_word' id='word_1_93' title='bbox 1021 1680 1145 1750; x_wconf 89' lang='lat' dir='ltr'>causam</span> <span class='ocrx_word' id='word_1_94' title='bbox 1169 1684 1200 1751; x_wconf 92' lang='lat' dir='ltr'>in</span> <span class='ocrx_word' id='word_1_95' title='bbox 1219 1685 1405 1752; x_wconf 89' lang='lat' dir='ltr'>memoratis</span> <span class='ocrx_word' id='word_1_96' title='bbox 1420 1686 1609 1776; x_wconf 87' lang='lat' dir='ltr'>regionibus</span> <span class='ocrx_word' id='word_1_97' title='bbox 1630 1686 1747 1776; x_wconf 85' lang='lat' dir='ltr'>hyeme</span> <span class='ocrx_word' id='word_1_98' title='bbox 1775 1683 1921 1756; x_wconf 85' lang='lat' dir='ltr'>nonnisi</span> 
     </span>
     <span class='ocr_line' id='line_1_11' title="bbox 399 1775 1922 1878; baseline -0.006 -19"><span class='ocrx_word' id='word_1_99' title='bbox 399 1786 526 1878; x_wconf 89' lang='lat' dir='ltr'>oppido</span> <span class='ocrx_word' id='word_1_100' title='bbox 548 1805 620 1853; x_wconf 86' lang='lat' dir='ltr'>raro</span> <span class='ocrx_word' id='word_1_101' title='bbox 645 1781 820 1862; x_wconf 84' lang='lat' dir='ltr'>fulminet,</span> <span class='ocrx_word' id='word_1_102' title='bbox 852 1775 1007 1861; x_wconf 74' lang='lat' dir='ltr'>sitnon,</span> <span class='ocrx_word' id='word_1_103' title='bbox 1037 1779 1093 1847; x_wconf 85' lang='lat' dir='ltr'>nisi</span> <span class='ocrx_word' id='word_1_104' title='bbox 1118 1778 1212 1846; x_wconf 92' lang='lat' dir='ltr'>solito</span> <span class='ocrx_word' id='word_1_105' title='bbox 1232 1777 1366 1848; x_wconf 87' lang='lat' dir='ltr'>calidius</span> <span class='ocrx_word' id='word_1_106' title='bbox 1395 1779 1489 1849; x_wconf 90' lang='lat' dir='ltr'>fuerit</span> <span class='ocrx_word' id='word_1_107' title='bbox 1513 1783 1660 1868; x_wconf 89' lang='lat' dir='ltr'>coelum,</span> <span class='ocrx_word' id='word_1_108' title='bbox 1697 1783 1731 1853; x_wconf 69' lang='grc' dir='ltr'>ἃ</span> <span class='ocrx_word' id='word_1_109' title='bbox 1760 1782 1922 1853; x_wconf 81' lang='lat' dir='ltr'>anhelitus</span> 
     </span>
     <span class='ocr_line' id='line_1_12' title="bbox 397 1874 1919 1974; baseline -0.003 -19"><span class='ocrx_word' id='word_1_110' title='bbox 397 1883 628 1956; x_wconf 80' lang='lat' dir='ltr'>adscendentes</span> <span class='ocrx_word' id='word_1_111' title='bbox 648 1879 736 1974; x_wconf 92' lang='lat' dir='ltr'>larga</span> <span class='ocrx_word' id='word_1_112' title='bbox 755 1878 1047 1949; x_wconf 79' lang='lat' dir='ltr'>circumneciantur</span> <span class='ocrx_word' id='word_1_113' title='bbox 1075 1874 1281 1947; x_wconf 78' lang='lat' dir='ltr'>electricirate</span> <span class='ocrx_word' id='word_1_114' title='bbox 1298 1897 1306 1941; x_wconf 96' lang='lat'>:</span> <span class='ocrx_word' id='word_1_115' title='bbox 1324 1883 1327 1888; x_wconf 85' lang='lat'>&#39;</span> <span class='ocrx_word' id='word_1_116' title='bbox 1347 1875 1424 1945; x_wconf 92' lang='lat' dir='ltr'>ideo</span> <span class='ocrx_word' id='word_1_117' title='bbox 1453 1898 1529 1947; x_wconf 92' lang='lat' dir='ltr'>curn</span> <span class='ocrx_word' id='word_1_118' title='bbox 1553 1881 1668 1966; x_wconf 86' lang='lat' dir='ltr'>hyeme</span> <span class='ocrx_word' id='word_1_119' title='bbox 1694 1900 1808 1961; x_wconf 91' lang='lat' dir='ltr'>tonat,</span> <span class='ocrx_word' id='word_1_120' title='bbox 1830 1879 1919 1951; x_wconf 88' lang='lat' dir='ltr'>sem-</span> 
     </span>
     <span class='ocr_line' id='line_1_13' title="bbox 400 1968 1922 2073; baseline -0.003 -22"><span class='ocrx_word' id='word_1_121' title='bbox 400 2003 460 2073; x_wconf 90' lang='lat' dir='ltr'>per</span> <span class='ocrx_word' id='word_1_122' title='bbox 481 1979 576 2053; x_wconf 87' lang='lat' dir='ltr'>aeflus</span> <span class='ocrx_word' id='word_1_123' title='bbox 599 1976 739 2047; x_wconf 88' lang='lat' dir='ltr'>insolens</span> <span class='ocrx_word' id='word_1_124' title='bbox 763 1976 888 2064; x_wconf 83' lang='lat' dir='ltr'>aliquot</span> <span class='ocrx_word' id='word_1_125' title='bbox 907 1973 1030 2043; x_wconf 90' lang='lat' dir='ltr'>dierum</span> <span class='ocrx_word' id='word_1_126' title='bbox 1054 1968 1218 2060; x_wconf 87' lang='lat' dir='ltr'>praecesfrt.</span> <span class='ocrx_word' id='word_1_127' title='bbox 1271 1971 1413 2042; x_wconf 92' lang='lat' dir='ltr'>Simulac</span> <span class='ocrx_word' id='word_1_128' title='bbox 1436 1993 1544 2044; x_wconf 91' lang='lat' dir='ltr'>autern</span> <span class='ocrx_word' id='word_1_129' title='bbox 1568 1997 1587 2044; x_wconf 88' lang='lat' dir='ltr'>a</span> <span class='ocrx_word' id='word_1_130' title='bbox 1613 1997 1713 2046; x_wconf 90' lang='lat' dir='ltr'>verno</span> <span class='ocrx_word' id='word_1_131' title='bbox 1736 1978 1815 2046; x_wconf 91' lang='lat' dir='ltr'>Sole</span> <span class='ocrx_word' id='word_1_132' title='bbox 1837 1997 1922 2047; x_wconf 86' lang='lat' dir='ltr'>terra</span> 
     </span>
     <span class='ocr_line' id='line_1_14' title="bbox 402 2064 1921 2170; baseline -0.005 -22"><span class='ocrx_word' id='word_1_133' title='bbox 402 2081 519 2170; x_wconf 89' lang='lat' dir='ltr'>incipit</span> <span class='ocrx_word' id='word_1_134' title='bbox 541 2073 688 2158; x_wconf 90' lang='lat' dir='ltr'>recludi,</span> <span class='ocrx_word' id='word_1_135' title='bbox 718 2072 875 2142; x_wconf 88' lang='lat' dir='ltr'>anhelitus</span> <span class='ocrx_word' id='word_1_136' title='bbox 897 2070 1007 2160; x_wconf 86' lang='lat' dir='ltr'>plures</span> <span class='ocrx_word' id='word_1_137' title='bbox 1031 2068 1262 2159; x_wconf 89' lang='lat' dir='ltr'>exspirantur,</span> <span class='ocrx_word' id='word_1_138' title='bbox 1297 2064 1332 2136; x_wconf 74' lang='grc' dir='ltr'>δι</span> <span class='ocrx_word' id='word_1_139' title='bbox 1357 2067 1449 2139; x_wconf 86' lang='lat' dir='ltr'>fitnul</span> <span class='ocrx_word' id='word_1_140' title='bbox 1481 2092 1557 2140; x_wconf 90' lang='lat' dir='ltr'>cum</span> <span class='ocrx_word' id='word_1_141' title='bbox 1588 2074 1662 2143; x_wconf 88' lang='lat' dir='ltr'>coeli</span> <span class='ocrx_word' id='word_1_142' title='bbox 1689 2073 1822 2153; x_wconf 93' lang='lat' dir='ltr'>calore,</span> <span class='ocrx_word' id='word_1_143' title='bbox 1863 2075 1921 2162; x_wconf 90' lang='lat' dir='ltr'>qui</span> 
     </span>
     <span class='ocr_line' id='line_1_15' title="bbox 398 2164 1922 2259; baseline -0.005 -12"><span class='ocrx_word' id='word_1_144' title='bbox 398 2176 507 2247; x_wconf 89' lang='lat' dir='ltr'>mense</span> <span class='ocrx_word' id='word_1_145' title='bbox 531 2172 633 2259; x_wconf 79' lang='lat' dir='ltr'>Aprili</span> <span class='ocrx_word' id='word_1_146' title='bbox 653 2168 831 2248; x_wconf 90' lang='lat' dir='ltr'>adventat,</span> <span class='ocrx_word' id='word_1_147' title='bbox 858 2167 929 2255; x_wconf 90' lang='lat' dir='ltr'>plus</span> <span class='ocrx_word' id='word_1_148' title='bbox 955 2164 1170 2233; x_wconf 74' lang='lat' dir='ltr'>electriciraris</span> <span class='ocrx_word' id='word_1_149' title='bbox 1195 2165 1295 2233; x_wconf 91' lang='lat' dir='ltr'>ambit</span> <span class='ocrx_word' id='word_1_150' title='bbox 1324 2165 1497 2254; x_wconf 82' lang='lat' dir='ltr'>exspirata,</span> <span class='ocrx_word' id='word_1_151' title='bbox 1524 2165 1558 2236; x_wconf 70' lang='grc' dir='ltr'>δι</span> <span class='ocrx_word' id='word_1_152' title='bbox 1582 2169 1688 2259; x_wconf 88' lang='lat' dir='ltr'>palfrm</span> <span class='ocrx_word' id='word_1_153' title='bbox 1720 2190 1833 2240; x_wconf 92' lang='lat' dir='ltr'>tonat:</span> <span class='ocrx_word' id='word_1_154' title='bbox 1866 2191 1922 2240; x_wconf 87' lang='lat' dir='ltr'>ve·</span> 
     </span>
     <span class='ocr_line' id='line_1_16' title="bbox 398 2259 1921 2357; baseline -0.003 -18"><span class='ocrx_word' id='word_1_155' title='bbox 398 2292 468 2344; x_wconf 90' lang='lat' dir='ltr'>rurn</span> <span class='ocrx_word' id='word_1_156' title='bbox 491 2270 509 2337; x_wconf 75' lang='lat' dir='ltr'>i</span> <span class='ocrx_word' id='word_1_157' title='bbox 532 2266 644 2357; x_wconf 86' lang='lat' dir='ltr'>majori</span> <span class='ocrx_word' id='word_1_158' title='bbox 661 2265 770 2332; x_wconf 91' lang='lat' dir='ltr'>calore</span> <span class='ocrx_word' id='word_1_159' title='bbox 796 2262 902 2340; x_wconf 87' lang='lat' dir='ltr'>Solis,</span> <span class='ocrx_word' id='word_1_160' title='bbox 923 2266 956 2329; x_wconf 93' lang='lat' dir='ltr'>in</span> <span class='ocrx_word' id='word_1_161' title='bbox 980 2279 1095 2330; x_wconf 87' lang='lat' dir='ltr'>terram</span> <span class='ocrx_word' id='word_1_162' title='bbox 1119 2259 1212 2329; x_wconf 87' lang='lat' dir='ltr'>altius</span> <span class='ocrx_word' id='word_1_163' title='bbox 1229 2279 1444 2350; x_wconf 88' lang='lat' dir='ltr'>penetrante,</span> <span class='ocrx_word' id='word_1_164' title='bbox 1471 2285 1582 2333; x_wconf 85' lang='lat' dir='ltr'>cortex</span> <span class='ocrx_word' id='word_1_165' title='bbox 1604 2267 1712 2334; x_wconf 85' lang='lat' dir='ltr'>mense</span> <span class='ocrx_word' id='word_1_166' title='bbox 1736 2268 1840 2352; x_wconf 75' lang='lat' dir='ltr'>hslayo</span> <span class='ocrx_word' id='word_1_167' title='bbox 1854 2289 1921 2335; x_wconf 89' lang='lat' dir='ltr'>ma·</span> 
     </span>
     <span class='ocr_line' id='line_1_17' title="bbox 396 2355 1922 2465; baseline -0.003 -28"><span class='ocrx_word' id='word_1_168' title='bbox 396 2372 446 2465; x_wconf 87' lang='lat' dir='ltr'>gis</span> <span class='ocrx_word' id='word_1_169' title='bbox 476 2365 649 2454; x_wconf 71' lang='lat' dir='ltr'>aperitur:</span> <span class='ocrx_word' id='word_1_170' title='bbox 674 2379 761 2427; x_wconf 93' lang='lat' dir='ltr'>nunc</span> <span class='ocrx_word' id='word_1_171' title='bbox 783 2357 945 2447; x_wconf 88' lang='lat' dir='ltr'>copiofror</span> <span class='ocrx_word' id='word_1_172' title='bbox 970 2360 1111 2427; x_wconf 86' lang='lat' dir='ltr'>materiae</span> <span class='ocrx_word' id='word_1_173' title='bbox 1130 2357 1320 2447; x_wconf 86' lang='lat' dir='ltr'>exspiratio,</span> <span class='ocrx_word' id='word_1_174' title='bbox 1347 2355 1561 2450; x_wconf 83' lang='lat' dir='ltr'>&amp;quicquid</span> <span class='ocrx_word' id='word_1_175' title='bbox 1585 2363 1757 2432; x_wconf 76' lang='lat' dir='ltr'>colledum</span> <span class='ocrx_word' id='word_1_176' title='bbox 1787 2362 1922 2432; x_wconf 91' lang='lat' dir='ltr'>conclu·</span> 
     </span>
     <span class='ocr_line' id='line_1_18' title="bbox 399 2452 1921 2552; baseline -0.003 -19"><span class='ocrx_word' id='word_1_177' title='bbox 399 2466 535 2552; x_wconf 87' lang='lat' dir='ltr'>sumque</span> <span class='ocrx_word' id='word_1_178' title='bbox 556 2460 673 2546; x_wconf 87' lang='lat' dir='ltr'>hyeme</span> <span class='ocrx_word' id='word_1_179' title='bbox 696 2453 828 2537; x_wconf 92' lang='lat' dir='ltr'>fuerat,</span> <span class='ocrx_word' id='word_1_180' title='bbox 863 2452 982 2525; x_wconf 91' lang='lat' dir='ltr'>sursum</span> <span class='ocrx_word' id='word_1_181' title='bbox 1002 2476 1044 2524; x_wconf 92' lang='lat' dir='ltr'>ex</span> <span class='ocrx_word' id='word_1_182' title='bbox 1069 2476 1150 2526; x_wconf 90' lang='lat' dir='ltr'>terra</span> <span class='ocrx_word' id='word_1_183' title='bbox 1180 2457 1213 2524; x_wconf 92' lang='lat' dir='ltr'>in</span> <span class='ocrx_word' id='word_1_184' title='bbox 1236 2455 1343 2525; x_wconf 65' lang='lat' dir='ltr'>airem</span> <span class='ocrx_word' id='word_1_185' title='bbox 1370 2455 1519 2545; x_wconf 90' lang='lat' dir='ltr'>pellitur:</span> <span class='ocrx_word' id='word_1_186' title='bbox 1555 2458 1631 2529; x_wconf 91' lang='lat' dir='ltr'>ideo</span> <span class='ocrx_word' id='word_1_187' title='bbox 1653 2481 1671 2528; x_wconf 90' lang='lat' dir='ltr'>a</span> <span class='ocrx_word' id='word_1_188' title='bbox 1702 2460 1815 2552; x_wconf 85' lang='lat' dir='ltr'>majori</span> <span class='ocrx_word' id='word_1_189' title='bbox 1835 2459 1921 2529; x_wconf 89' lang='lat' dir='ltr'>elec·</span> 
     </span>
     <span class='ocr_line' id='line_1_19' title="bbox 402 2551 1920 2647; baseline -0.004 -14"><span class='ocrx_word' id='word_1_190' title='bbox 402 2562 545 2633; x_wconf 88' lang='lat' dir='ltr'>tricitatis</span> <span class='ocrx_word' id='word_1_191' title='bbox 569 2556 685 2644; x_wconf 92' lang='lat' dir='ltr'>copia,</span> <span class='ocrx_word' id='word_1_192' title='bbox 713 2552 816 2622; x_wconf 90' lang='lat' dir='ltr'>nubes</span> <span class='ocrx_word' id='word_1_193' title='bbox 836 2555 989 2641; x_wconf 89' lang='lat' dir='ltr'>quasdam</span> <span class='ocrx_word' id='word_1_194' title='bbox 1011 2555 1184 2647; x_wconf 87' lang='lat' dir='ltr'>cingente,</span> <span class='ocrx_word' id='word_1_195' title='bbox 1209 2551 1495 2642; x_wconf 80' lang='lat' dir='ltr'>frequentiffimum</span> <span class='ocrx_word' id='word_1_196' title='bbox 1521 2553 1643 2627; x_wconf 89' lang='lat' dir='ltr'>fulmen</span> <span class='ocrx_word' id='word_1_197' title='bbox 1666 2557 1774 2627; x_wconf 88' lang='lat' dir='ltr'>mense</span> <span class='ocrx_word' id='word_1_198' title='bbox 1792 2556 1920 2645; x_wconf 77' lang='lat' dir='ltr'>lislayo,</span> 
     </span>
     <span class='ocr_line' id='line_1_20' title="bbox 402 2647 1923 2745; baseline -0.003 -16"><span class='ocrx_word' id='word_1_199' title='bbox 402 2656 439 2729; x_wconf 77' lang='grc' dir='ltr'>δι</span> <span class='ocrx_word' id='word_1_200' title='bbox 463 2657 626 2744; x_wconf 86' lang='lat' dir='ltr'>praecipue</span> <span class='ocrx_word' id='word_1_201' title='bbox 649 2649 820 2741; x_wconf 87' lang='lat' dir='ltr'>postquam</span> <span class='ocrx_word' id='word_1_202' title='bbox 845 2647 935 2718; x_wconf 91' lang='lat' dir='ltr'>calor</span> <span class='ocrx_word' id='word_1_203' title='bbox 958 2652 1113 2720; x_wconf 85' lang='lat' dir='ltr'>intensior</span> <span class='ocrx_word' id='word_1_204' title='bbox 1139 2672 1207 2718; x_wconf 91' lang='lat' dir='ltr'>uno</span> <span class='ocrx_word' id='word_1_205' title='bbox 1231 2651 1375 2720; x_wconf 88' lang='lat' dir='ltr'>alterove</span> <span class='ocrx_word' id='word_1_206' title='bbox 1398 2650 1451 2720; x_wconf 91' lang='lat' dir='ltr'>die</span> <span class='ocrx_word' id='word_1_207' title='bbox 1476 2652 1695 2741; x_wconf 87' lang='lat' dir='ltr'>ptaecelferit:</span> <span class='ocrx_word' id='word_1_208' title='bbox 1725 2653 1790 2745; x_wconf 86' lang='lat' dir='ltr'>jarn</span> <span class='ocrx_word' id='word_1_209' title='bbox 1813 2657 1923 2724; x_wconf 88' lang='lat' dir='ltr'>minor</span> 
     </span>
     <span class='ocr_line' id='line_1_21' title="bbox 397 2744 1923 2846; baseline -0.004 -19"><span class='ocrx_word' id='word_1_210' title='bbox 397 2757 497 2846; x_wconf 91' lang='lat' dir='ltr'>copia</span> <span class='ocrx_word' id='word_1_211' title='bbox 521 2752 684 2833; x_wconf 87' lang='lat' dir='ltr'>materiae,</span> <span class='ocrx_word' id='word_1_212' title='bbox 708 2767 781 2837; x_wconf 84' lang='lat' dir='ltr'>quae</span> <span class='ocrx_word' id='word_1_213' title='bbox 804 2745 1006 2837; x_wconf 89' lang='lat' dir='ltr'>exspiretur,</span> <span class='ocrx_word' id='word_1_214' title='bbox 1040 2749 1073 2814; x_wconf 92' lang='lat' dir='ltr'>in</span> <span class='ocrx_word' id='word_1_215' title='bbox 1097 2746 1251 2837; x_wconf 90' lang='lat' dir='ltr'>superiori</span> <span class='ocrx_word' id='word_1_216' title='bbox 1273 2749 1395 2815; x_wconf 91' lang='lat' dir='ltr'>cortice</span> <span class='ocrx_word' id='word_1_217' title='bbox 1416 2744 1527 2816; x_wconf 79' lang='lat' dir='ltr'>Tetra:</span> <span class='ocrx_word' id='word_1_218' title='bbox 1550 2770 1612 2837; x_wconf 91' lang='lat' dir='ltr'>pro</span> <span class='ocrx_word' id='word_1_219' title='bbox 1636 2752 1738 2841; x_wconf 91' lang='lat' dir='ltr'>Junio</span> <span class='ocrx_word' id='word_1_220' title='bbox 1767 2751 1923 2841; x_wconf 89' lang='lat' dir='ltr'>superstes</span> 
     </span>
     <span class='ocr_line' id='line_1_22' title="bbox 398 2839 1924 2937; baseline -0.005 -13"><span class='ocrx_word' id='word_1_221' title='bbox 398 2853 473 2934; x_wconf 87' lang='lat' dir='ltr'>fuit.</span> <span class='ocrx_word' id='word_1_222' title='bbox 521 2849 607 2920; x_wconf 92' lang='lat' dir='ltr'>Solis</span> <span class='ocrx_word' id='word_1_223' title='bbox 629 2847 739 2918; x_wconf 91' lang='lat' dir='ltr'>calore</span> <span class='ocrx_word' id='word_1_224' title='bbox 762 2843 880 2915; x_wconf 89' lang='lat' dir='ltr'>deinde</span> <span class='ocrx_word' id='word_1_225' title='bbox 904 2843 996 2916; x_wconf 90' lang='lat' dir='ltr'>altius</span> <span class='ocrx_word' id='word_1_226' title='bbox 1012 2847 1045 2915; x_wconf 91' lang='lat' dir='ltr'>in</span> <span class='ocrx_word' id='word_1_227' title='bbox 1067 2842 1201 2914; x_wconf 87' lang='lat' dir='ltr'>Terram</span> <span class='ocrx_word' id='word_1_228' title='bbox 1234 2862 1392 2932; x_wconf 90' lang='lat' dir='ltr'>repente,</span> <span class='ocrx_word' id='word_1_229' title='bbox 1422 2839 1455 2912; x_wconf 78' lang='lat' dir='ltr'>dt</span> <span class='ocrx_word' id='word_1_230' title='bbox 1481 2865 1667 2934; x_wconf 87' lang='lat' dir='ltr'>operante,</span> <span class='ocrx_word' id='word_1_231' title='bbox 1692 2868 1777 2916; x_wconf 92' lang='lat' dir='ltr'>nova</span> <span class='ocrx_word' id='word_1_232' title='bbox 1801 2868 1820 2917; x_wconf 91' lang='lat' dir='ltr'>e</span> <span class='ocrx_word' id='word_1_233' title='bbox 1846 2869 1924 2937; x_wconf 92' lang='lat' dir='ltr'>pro·</span> 
     </span>
     <span class='ocr_line' id='line_1_23' title="bbox 401 2942 1923 3032; baseline -0.006 -11"><span class='ocrx_word' id='word_1_234' title='bbox 401 2949 606 3021; x_wconf 89' lang='lat' dir='ltr'>fundioribus</span> <span class='ocrx_word' id='word_1_235' title='bbox 627 2942 801 3012; x_wconf 91' lang='lat' dir='ltr'>visceribus</span> <span class='ocrx_word' id='word_1_236' title='bbox 822 2942 1013 3028; x_wconf 89' lang='lat' dir='ltr'>adscendit,</span> <span class='ocrx_word' id='word_1_237' title='bbox 1039 2963 1113 3032; x_wconf 85' lang='lat' dir='ltr'>quae</span> <span class='ocrx_word' id='word_1_238' title='bbox 1137 2961 1346 3024; x_wconf 88' lang='lat' dir='ltr'>attenuatur,</span> <span class='ocrx_word' id='word_1_239' title='bbox 1371 2961 1594 3030; x_wconf 86' lang='lat' dir='ltr'>praeparatur,</span> <span class='ocrx_word' id='word_1_240' title='bbox 1627 2947 1670 3013; x_wconf 90' lang='lat' dir='ltr'>ita</span> <span class='ocrx_word' id='word_1_241' title='bbox 1697 2965 1732 3013; x_wconf 93' lang='lat' dir='ltr'>ut</span> <span class='ocrx_word' id='word_1_242' title='bbox 1754 2966 1772 3013; x_wconf 92' lang='lat' dir='ltr'>a</span> <span class='ocrx_word' id='word_1_243' title='bbox 1795 2943 1923 3013; x_wconf 91' lang='lat' dir='ltr'>serven·</span> 
     </span>
     <span class='ocr_line' id='line_1_24' title="bbox 402 3033 1926 3135; baseline -0.007 -17"><span class='ocrx_word' id='word_1_244' title='bbox 402 3046 520 3118; x_wconf 86' lang='lat' dir='ltr'>tillimo</span> <span class='ocrx_word' id='word_1_245' title='bbox 540 3042 618 3135; x_wconf 91' lang='lat' dir='ltr'>Julii</span> <span class='ocrx_word' id='word_1_246' title='bbox 648 3040 763 3111; x_wconf 92' lang='lat' dir='ltr'>ardore</span> <span class='ocrx_word' id='word_1_247' title='bbox 789 3039 876 3126; x_wconf 89' lang='lat' dir='ltr'>quasi</span> <span class='ocrx_word' id='word_1_248' title='bbox 898 3043 1083 3110; x_wconf 90' lang='lat' dir='ltr'>catervatim</span> <span class='ocrx_word' id='word_1_249' title='bbox 1110 3040 1278 3122; x_wconf 89' lang='lat' dir='ltr'>elevetur,</span> <span class='ocrx_word' id='word_1_250' title='bbox 1315 3033 1458 3132; x_wconf 83' lang='lat' dir='ltr'>&amp;larga</span> <span class='ocrx_word' id='word_1_251' title='bbox 1485 3039 1691 3111; x_wconf 74' lang='lat' dir='ltr'>eleslricitate</span> <span class='ocrx_word' id='word_1_252' title='bbox 1712 3038 1926 3124; x_wconf 83' lang='lat' dir='ltr'>circumfusa,</span> 
     </span>
     <span class='ocr_line' id='line_1_25' title="bbox 402 3133 1923 3237; baseline -0.007 -21"><span class='ocrx_word' id='word_1_253' title='bbox 402 3144 508 3237; x_wconf 87' lang='lat' dir='ltr'>qualis</span> <span class='ocrx_word' id='word_1_254' title='bbox 533 3160 600 3210; x_wconf 93' lang='lat' dir='ltr'>turn</span> <span class='ocrx_word' id='word_1_255' title='bbox 626 3140 694 3212; x_wconf 87' lang='lat' dir='ltr'>a&#39;eri</span> <span class='ocrx_word' id='word_1_256' title='bbox 719 3133 822 3220; x_wconf 86' lang='lat' dir='ltr'>inest,</span> <span class='ocrx_word' id='word_1_257' title='bbox 848 3137 880 3204; x_wconf 90' lang='lat' dir='ltr'>in</span> <span class='ocrx_word' id='word_1_258' title='bbox 911 3135 1046 3207; x_wconf 91' lang='lat' dir='ltr'>occursu</span> <span class='ocrx_word' id='word_1_259' title='bbox 1069 3136 1206 3205; x_wconf 90' lang='lat' dir='ltr'>aliorum</span> <span class='ocrx_word' id='word_1_260' title='bbox 1230 3157 1321 3218; x_wconf 93' lang='lat' dir='ltr'>non,</span> <span class='ocrx_word' id='word_1_261' title='bbox 1343 3136 1394 3205; x_wconf 89' lang='lat' dir='ltr'>vel</span> <span class='ocrx_word' id='word_1_262' title='bbox 1423 3136 1528 3204; x_wconf 91' lang='lat' dir='ltr'>minus</span> <span class='ocrx_word' id='word_1_263' title='bbox 1549 3137 1774 3208; x_wconf 77' lang='lat' dir='ltr'>elefiricorum</span> <span class='ocrx_word' id='word_1_264' title='bbox 1798 3158 1923 3228; x_wconf 91' lang='lat' dir='ltr'>corpo·</span> 
     </span>
     <span class='ocr_line' id='line_1_26' title="bbox 399 3229 1922 3330; baseline -0.009 -15"><span class='ocrx_word' id='word_1_265' title='bbox 399 3263 473 3316; x_wconf 89' lang='lat' dir='ltr'>rum</span> <span class='ocrx_word' id='word_1_266' title='bbox 493 3236 706 3330; x_wconf 86' lang='lat' dir='ltr'>explodatur,</span> <span class='ocrx_word' id='word_1_267' title='bbox 732 3229 768 3304; x_wconf 79' lang='lat' dir='ltr'>dt</span> <span class='ocrx_word' id='word_1_268' title='bbox 794 3231 850 3304; x_wconf 93' lang='lat' dir='ltr'>suo</span> <span class='ocrx_word' id='word_1_269' title='bbox 865 3232 968 3303; x_wconf 91' lang='lat' dir='ltr'>modo</span> <span class='ocrx_word' id='word_1_270' title='bbox 990 3234 1118 3318; x_wconf 90' lang='lat' dir='ltr'>luceat,</span> <span class='ocrx_word' id='word_1_271' title='bbox 1142 3233 1301 3304; x_wconf 86' lang='lat' dir='ltr'>ardeatve.</span> <span class='ocrx_word' id='word_1_272' title='bbox 1329 3229 1418 3301; x_wconf 89' lang='lat' dir='ltr'>l·linc</span> <span class='ocrx_word' id='word_1_273' title='bbox 1440 3252 1535 3320; x_wconf 82' lang='lat' dir='ltr'>aeque</span> <span class='ocrx_word' id='word_1_274' title='bbox 1556 3231 1708 3321; x_wconf 88' lang='lat' dir='ltr'>frequens</span> <span class='ocrx_word' id='word_1_275' title='bbox 1722 3234 1845 3305; x_wconf 90' lang='lat' dir='ltr'>fulmen</span> <span class='ocrx_word' id='word_1_276' title='bbox 1862 3231 1922 3324; x_wconf 79' lang='lat' dir='ltr'>Ju</span> 
     </span>
     <span class='ocr_line' id='line_1_27' title="bbox 399 3326 1926 3426; baseline -0.009 -13"><span class='ocrx_word' id='word_1_277' title='bbox 399 3339 529 3426; x_wconf 79' lang='lat' dir='ltr'>1i0‚ac</span> <span class='ocrx_word' id='word_1_278' title='bbox 553 3333 685 3424; x_wconf 89' lang='lat' dir='ltr'>Mayo:</span> <span class='ocrx_word' id='word_1_279' title='bbox 710 3352 779 3423; x_wconf 93' lang='lat' dir='ltr'>quo</span> <span class='ocrx_word' id='word_1_280' title='bbox 803 3330 893 3403; x_wconf 87' lang='lat' dir='ltr'>aeflas</span> <span class='ocrx_word' id='word_1_281' title='bbox 910 3330 954 3401; x_wconf 88' lang='lat' dir='ltr'>est</span> <span class='ocrx_word' id='word_1_282' title='bbox 976 3330 1130 3416; x_wconf 90' lang='lat' dir='ltr'>calidior,</span> <span class='ocrx_word' id='word_1_283' title='bbox 1155 3330 1300 3401; x_wconf 90' lang='lat' dir='ltr'>crebrius</span> <span class='ocrx_word' id='word_1_284' title='bbox 1322 3326 1497 3412; x_wconf 88' lang='lat' dir='ltr'>fulminat,</span> <span class='ocrx_word' id='word_1_285' title='bbox 1523 3349 1658 3419; x_wconf 90' lang='lat' dir='ltr'>tumque</span> <span class='ocrx_word' id='word_1_286' title='bbox 1683 3332 1804 3402; x_wconf 88' lang='lat' dir='ltr'>coelum</span> <span class='ocrx_word' id='word_1_287' title='bbox 1833 3331 1926 3400; x_wconf 90' lang='lat' dir='ltr'>elec·</span> 
     </span>
     <span class='ocr_line' id='line_1_28' title="bbox 400 3421 1922 3519; baseline -0.006 -12"><span class='ocrx_word' id='word_1_288' title='bbox 400 3439 546 3509; x_wconf 89' lang='lat' dir='ltr'>tricitatis</span> <span class='ocrx_word' id='word_1_289' title='bbox 567 3432 701 3518; x_wconf 91' lang='lat' dir='ltr'>plenum</span> <span class='ocrx_word' id='word_1_290' title='bbox 725 3428 799 3506; x_wconf 88' lang='lat' dir='ltr'>est,</span> <span class='ocrx_word' id='word_1_291' title='bbox 823 3429 1045 3511; x_wconf 89' lang='lat' dir='ltr'>conducitque</span> <span class='ocrx_word' id='word_1_292' title='bbox 1073 3429 1314 3510; x_wconf 86' lang='lat' dir='ltr'>experimentis.</span> <span class='ocrx_word' id='word_1_293' title='bbox 1372 3421 1506 3496; x_wconf 85' lang='lat' dir='ltr'>Deinde</span> <span class='ocrx_word' id='word_1_294' title='bbox 1531 3426 1735 3499; x_wconf 89' lang='lat' dir='ltr'>decrescente</span> <span class='ocrx_word' id='word_1_295' title='bbox 1759 3429 1922 3519; x_wconf 90' lang='lat' dir='ltr'>sequenti·</span> 
     </span>
     <span class='ocr_line' id='line_1_29' title="bbox 400 3514 1924 3608; baseline -0.004 -6"><span class='ocrx_word' id='word_1_296' title='bbox 400 3536 466 3601; x_wconf 89' lang='lat' dir='ltr'>bus</span> <span class='ocrx_word' id='word_1_297' title='bbox 489 3525 654 3596; x_wconf 89' lang='lat' dir='ltr'>menfrbus</span> <span class='ocrx_word' id='word_1_298' title='bbox 678 3519 818 3596; x_wconf 89' lang='lat' dir='ltr'>calore,</span> <span class='ocrx_word' id='word_1_299' title='bbox 843 3517 971 3603; x_wconf 90' lang='lat' dir='ltr'>parcior</span> <span class='ocrx_word' id='word_1_300' title='bbox 993 3515 1029 3584; x_wconf 90' lang='lat' dir='ltr'>fit</span> <span class='ocrx_word' id='word_1_301' title='bbox 1053 3537 1095 3584; x_wconf 88' lang='lat' dir='ltr'>ex</span> <span class='ocrx_word' id='word_1_302' title='bbox 1119 3534 1200 3585; x_wconf 88' lang='lat' dir='ltr'>terra</span> <span class='ocrx_word' id='word_1_303' title='bbox 1227 3514 1389 3585; x_wconf 92' lang='lat' dir='ltr'>exhalatio</span> <span class='ocrx_word' id='word_1_304' title='bbox 1412 3526 1583 3608; x_wconf 74' lang='lat' dir='ltr'>materie,</span> <span class='ocrx_word' id='word_1_305' title='bbox 1610 3547 1683 3608; x_wconf 83' lang='lat' dir='ltr'>quae</span> <span class='ocrx_word' id='word_1_306' title='bbox 1706 3525 1832 3597; x_wconf 91' lang='lat' dir='ltr'>fulmini</span> <span class='ocrx_word' id='word_1_307' title='bbox 1862 3525 1924 3596; x_wconf 91' lang='lat' dir='ltr'>fer·</span> 
     </span>
     <span class='ocr_line' id='line_1_30' title="bbox 403 3608 1927 3708; baseline -0.001 -14"><span class='ocrx_word' id='word_1_308' title='bbox 403 3630 497 3708; x_wconf 76' lang='lat' dir='ltr'>vict:</span> <span class='ocrx_word' id='word_1_309' title='bbox 531 3622 607 3690; x_wconf 90' lang='lat' dir='ltr'>ideo</span> <span class='ocrx_word' id='word_1_310' title='bbox 630 3615 759 3708; x_wconf 90' lang='lat' dir='ltr'>parcius</span> <span class='ocrx_word' id='word_1_311' title='bbox 778 3608 947 3680; x_wconf 86' lang='lat' dir='ltr'>fulminat:</span> <span class='ocrx_word' id='word_1_312' title='bbox 974 3610 1080 3680; x_wconf 90' lang='lat' dir='ltr'>donec</span> <span class='ocrx_word' id='word_1_313' title='bbox 1106 3609 1266 3698; x_wconf 77' lang='lat' dir='ltr'>octobri,</span> <span class='ocrx_word' id='word_1_314' title='bbox 1294 3608 1328 3680; x_wconf 71' lang='grc' dir='ltr'>ἃ</span> <span class='ocrx_word' id='word_1_315' title='bbox 1361 3610 1493 3700; x_wconf 88' lang='lat' dir='ltr'>reliquis</span> <span class='ocrx_word' id='word_1_316' title='bbox 1530 3614 1731 3703; x_wconf 90' lang='lat' dir='ltr'>hyemalibus</span> <span class='ocrx_word' id='word_1_317' title='bbox 1761 3622 1927 3693; x_wconf 87' lang='lat' dir='ltr'>menfibus</span> 
     </span>
     <span class='ocr_line' id='line_1_31' title="bbox 404 3706 1854 3806; baseline -0.006 -11"><span class='ocrx_word' id='word_1_318' title='bbox 404 3721 577 3795; x_wconf 75' lang='lat' dir='ltr'>constrieia</span> <span class='ocrx_word' id='word_1_319' title='bbox 600 3735 618 3783; x_wconf 91' lang='lat' dir='ltr'>a</span> <span class='ocrx_word' id='word_1_320' title='bbox 641 3711 763 3806; x_wconf 84' lang='lat' dir='ltr'>frigore</span> <span class='ocrx_word' id='word_1_321' title='bbox 786 3706 900 3777; x_wconf 86' lang='lat' dir='ltr'>Tellus</span> <span class='ocrx_word' id='word_1_322' title='bbox 922 3706 992 3777; x_wconf 88' lang='lat' dir='ltr'>sere</span> <span class='ocrx_word' id='word_1_323' title='bbox 1013 3707 1093 3779; x_wconf 92' lang='lat' dir='ltr'>nihil</span> <span class='ocrx_word' id='word_1_324' title='bbox 1116 3711 1280 3798; x_wconf 90' lang='lat' dir='ltr'>exspiret,</span> <span class='ocrx_word' id='word_1_325' title='bbox 1304 3728 1360 3779; x_wconf 92' lang='lat' dir='ltr'>aut</span> <span class='ocrx_word' id='word_1_326' title='bbox 1382 3708 1552 3782; x_wconf 88' lang='lat' dir='ltr'>condiatur</span> <span class='ocrx_word' id='word_1_327' title='bbox 1573 3714 1614 3782; x_wconf 91' lang='lat' dir='ltr'>ab</span> <span class='ocrx_word' id='word_1_328' title='bbox 1636 3715 1854 3786; x_wconf 75' lang='lat' dir='ltr'>elesiricitate.</span> 
     </span>
    </p>

    <p class='ocr_par' dir='ltr' id='par_1_3' title="bbox 406 3802 1932 4682">
     <span class='ocr_line' id='line_1_32' title="bbox 452 3802 1927 3903; baseline -0.007 -14"><span class='ocrx_word' id='word_1_329' title='bbox 452 3818 581 3891; x_wconf 81' lang='lat' dir='ltr'>idcirco</span> <span class='ocrx_word' id='word_1_330' title='bbox 604 3825 758 3903; x_wconf 90' lang='lat' dir='ltr'>apparet,</span> <span class='ocrx_word' id='word_1_331' title='bbox 782 3806 997 3895; x_wconf 89' lang='lat' dir='ltr'>quamobrem</span> <span class='ocrx_word' id='word_1_332' title='bbox 1021 3804 1172 3875; x_wconf 85' lang='lat' dir='ltr'>flantibus</span> <span class='ocrx_word' id='word_1_333' title='bbox 1196 3802 1386 3895; x_wconf 87' lang='lat' dir='ltr'>Aquilone,</span> <span class='ocrx_word' id='word_1_334' title='bbox 1412 3804 1540 3894; x_wconf 90' lang='lat' dir='ltr'>Borea,</span> <span class='ocrx_word' id='word_1_335' title='bbox 1557 3806 1592 3879; x_wconf 78' lang='lat' dir='ltr'>bt</span> <span class='ocrx_word' id='word_1_336' title='bbox 1610 3808 1751 3897; x_wconf 91' lang='lat' dir='ltr'>Cauro,</span> <span class='ocrx_word' id='word_1_337' title='bbox 1776 3811 1927 3887; x_wconf 86' lang='lat' dir='ltr'>rarilfrme</span> 
     </span>
     <span class='ocr_line' id='line_1_33' title="bbox 409 3899 1930 3997; baseline -0.005 -7"><span class='ocrx_word' id='word_1_338' title='bbox 409 3937 530 3990; x_wconf 90' lang='lat' dir='ltr'>tonet:</span> <span class='ocrx_word' id='word_1_339' title='bbox 571 3910 605 3981; x_wconf 95' lang='lat' dir='ltr'>hi</span> <span class='ocrx_word' id='word_1_340' title='bbox 627 3910 714 3979; x_wconf 90' lang='lat' dir='ltr'>enim</span> <span class='ocrx_word' id='word_1_341' title='bbox 736 3905 823 3977; x_wconf 91' lang='lat' dir='ltr'>venti</span> <span class='ocrx_word' id='word_1_342' title='bbox 854 3899 988 3972; x_wconf 87' lang='lat' dir='ltr'>Terram</span> <span class='ocrx_word' id='word_1_343' title='bbox 1012 3902 1134 3997; x_wconf 90' lang='lat' dir='ltr'>frigore</span> <span class='ocrx_word' id='word_1_344' title='bbox 1156 3901 1417 3997; x_wconf 84' lang='lat' dir='ltr'>constringunt,</span> <span class='ocrx_word' id='word_1_345' title='bbox 1456 3908 1662 3996; x_wconf 91' lang='lat' dir='ltr'>eruptionem</span> <span class='ocrx_word' id='word_1_346' title='bbox 1685 3908 1930 3984; x_wconf 87' lang='lat' dir='ltr'>exhalationurn</span> 
     </span>
     <span class='ocr_line' id='line_1_34' title="bbox 409 3993 1928 4109; baseline -0.003 -24"><span class='ocrx_word' id='word_1_347' title='bbox 409 4037 473 4109; x_wconf 93' lang='lat' dir='ltr'>pro</span> <span class='ocrx_word' id='word_1_348' title='bbox 487 4010 623 4082; x_wconf 89' lang='lat' dir='ltr'>fulmine</span> <span class='ocrx_word' id='word_1_349' title='bbox 638 4020 769 4087; x_wconf 87' lang='lat' dir='ltr'>arcent,</span> <span class='ocrx_word' id='word_1_350' title='bbox 793 4019 870 4078; x_wconf 88' lang='lat' dir='ltr'>aut,</span> <span class='ocrx_word' id='word_1_351' title='bbox 890 4020 934 4069; x_wconf 90' lang='lat' dir='ltr'>ne</span> <span class='ocrx_word' id='word_1_352' title='bbox 954 3998 1139 4080; x_wconf 87' lang='lat' dir='ltr'>evolantes,</span> <span class='ocrx_word' id='word_1_353' title='bbox 1161 3993 1196 4068; x_wconf 73' lang='lat' dir='ltr'>tlt</span> <span class='ocrx_word' id='word_1_354' title='bbox 1220 4001 1255 4070; x_wconf 92' lang='lat' dir='ltr'>in</span> <span class='ocrx_word' id='word_1_355' title='bbox 1276 4001 1353 4072; x_wconf 59' lang='lat' dir='ltr'>affre</span> <span class='ocrx_word' id='word_1_356' title='bbox 1376 4020 1549 4085; x_wconf 89' lang='lat' dir='ltr'>natantes,</span> <span class='ocrx_word' id='word_1_357' title='bbox 1582 4004 1623 4074; x_wconf 94' lang='lat' dir='ltr'>ab</span> <span class='ocrx_word' id='word_1_358' title='bbox 1645 4004 1836 4078; x_wconf 73' lang='lat' dir='ltr'>elesiicitate</span> <span class='ocrx_word' id='word_1_359' title='bbox 1858 4031 1928 4081; x_wconf 89' lang='lat' dir='ltr'>arn·</span> 
     </span>
     <span class='ocr_line' id='line_1_35' title="bbox 406 4093 1930 4205; baseline -0.005 -23"><span class='ocrx_word' id='word_1_360' title='bbox 406 4113 506 4205; x_wconf 88' lang='lat' dir='ltr'>pliter</span> <span class='ocrx_word' id='word_1_361' title='bbox 530 4101 848 4180; x_wconf 73' lang='lat' dir='ltr'>circumneetantur,</span> <span class='ocrx_word' id='word_1_362' title='bbox 873 4095 1043 4167; x_wconf 90' lang='lat' dir='ltr'>efficiunt:</span> <span class='ocrx_word' id='word_1_363' title='bbox 1070 4093 1145 4164; x_wconf 89' lang='lat' dir='ltr'>ideo</span> <span class='ocrx_word' id='word_1_364' title='bbox 1172 4096 1298 4166; x_wconf 91' lang='lat' dir='ltr'>nullum</span> <span class='ocrx_word' id='word_1_365' title='bbox 1325 4096 1447 4185; x_wconf 84' lang='lat' dir='ltr'>Leydae</span> <span class='ocrx_word' id='word_1_366' title='bbox 1465 4097 1586 4169; x_wconf 89' lang='lat' dir='ltr'>fulmen</span> <span class='ocrx_word' id='word_1_367' title='bbox 1611 4106 1687 4171; x_wconf 91' lang='lat' dir='ltr'>anni</span> <span class='ocrx_word' id='word_1_368' title='bbox 1719 4124 1810 4195; x_wconf 82' lang='lat'>¹749</span> <span class='ocrx_word' id='word_1_369' title='bbox 1836 4127 1930 4179; x_wconf 89' lang='lat' dir='ltr'>rnen·</span> 
     </span>
     <span class='ocr_line' id='line_1_36' title="bbox 406 4191 1929 4299; baseline -0.002 -22"><span class='ocrx_word' id='word_1_370' title='bbox 406 4209 444 4279; x_wconf 89' lang='lat' dir='ltr'>fe</span> <span class='ocrx_word' id='word_1_371' title='bbox 464 4207 565 4299; x_wconf 89' lang='lat' dir='ltr'>Junio</span> <span class='ocrx_word' id='word_1_372' title='bbox 586 4201 753 4296; x_wconf 86' lang='lat' dir='ltr'>contigit,</span> <span class='ocrx_word' id='word_1_373' title='bbox 785 4193 976 4285; x_wconf 90' lang='lat' dir='ltr'>spirantibus</span> <span class='ocrx_word' id='word_1_374' title='bbox 999 4191 1067 4263; x_wconf 90' lang='lat' dir='ltr'>fere</span> <span class='ocrx_word' id='word_1_375' title='bbox 1090 4195 1248 4264; x_wconf 91' lang='lat' dir='ltr'>continuo</span> <span class='ocrx_word' id='word_1_376' title='bbox 1270 4194 1560 4283; x_wconf 79' lang='lat' dir='ltr'>septemtrionibus</span> <span class='ocrx_word' id='word_1_377' title='bbox 1591 4196 1820 4291; x_wconf 87' lang='lat' dir='ltr'>frigidilfrmis:</span> <span class='ocrx_word' id='word_1_378' title='bbox 1852 4223 1929 4275; x_wconf 89' lang='lat' dir='ltr'>curn</span> 
     </span>
     <span class='ocr_line' id='line_1_37' title="bbox 409 4288 1930 4394; baseline -0.013 -18"><span class='ocrx_word' id='word_1_379' title='bbox 409 4308 528 4378; x_wconf 79' lang='lat' dir='ltr'>Annus</span> <span class='ocrx_word' id='word_1_380' title='bbox 556 4323 569 4371; x_wconf 90' lang='lat' dir='ltr'>t</span> <span class='ocrx_word' id='word_1_381' title='bbox 576 4320 649 4394; x_wconf 86' lang='lat'>740</span> <span class='ocrx_word' id='word_1_382' title='bbox 672 4313 742 4366; x_wconf 89' lang='lat' dir='ltr'>erat</span> <span class='ocrx_word' id='word_1_383' title='bbox 757 4289 984 4389; x_wconf 85' lang='lat' dir='ltr'>gelidillfmus,</span> <span class='ocrx_word' id='word_1_384' title='bbox 1009 4308 1134 4361; x_wconf 90' lang='lat' dir='ltr'>tantum</span> <span class='ocrx_word' id='word_1_385' title='bbox 1151 4292 1277 4374; x_wconf 78' lang='lat' dir='ltr'>tonuit:</span> <span class='ocrx_word' id='word_1_386' title='bbox 1295 4288 1391 4361; x_wconf 91' lang='lat' dir='ltr'>semel</span> <span class='ocrx_word' id='word_1_387' title='bbox 1402 4295 1507 4363; x_wconf 87' lang='lat' dir='ltr'>tonuit</span> <span class='ocrx_word' id='word_1_388' title='bbox 1531 4291 1640 4363; x_wconf 89' lang='lat' dir='ltr'>mense</span> <span class='ocrx_word' id='word_1_389' title='bbox 1656 4294 1782 4384; x_wconf 86' lang='lat' dir='ltr'>Mayo,</span> <span class='ocrx_word' id='word_1_390' title='bbox 1807 4294 1930 4372; x_wconf 84' lang='lat' dir='ltr'>&amp;Au-</span> 
     </span>
     <span class='ocr_line' id='line_1_38' title="bbox 410 4388 1931 4498; baseline -0.003 -26"><span class='ocrx_word' id='word_1_391' title='bbox 410 4401 525 4498; x_wconf 88' lang='lat' dir='ltr'>gusto,</span> <span class='ocrx_word' id='word_1_392' title='bbox 544 4418 608 4469; x_wconf 92' lang='lat' dir='ltr'>nec</span> <span class='ocrx_word' id='word_1_393' title='bbox 623 4394 751 4487; x_wconf 89' lang='lat' dir='ltr'>Junio,</span> <span class='ocrx_word' id='word_1_394' title='bbox 776 4409 839 4462; x_wconf 90' lang='lat' dir='ltr'>nec</span> <span class='ocrx_word' id='word_1_395' title='bbox 860 4389 1046 4479; x_wconf 87' lang='lat' dir='ltr'>Septembri</span> <span class='ocrx_word' id='word_1_396' title='bbox 1074 4389 1189 4459; x_wconf 88' lang='lat' dir='ltr'>tonuit.</span> <span class='ocrx_word' id='word_1_397' title='bbox 1239 4389 1340 4458; x_wconf 87' lang='lat' dir='ltr'>Anno</span> <span class='ocrx_word' id='word_1_398' title='bbox 1371 4408 1458 4481; x_wconf 85' lang='lat'>¹74¹</span> <span class='ocrx_word' id='word_1_399' title='bbox 1487 4390 1595 4461; x_wconf 87' lang='lat' dir='ltr'>mense</span> <span class='ocrx_word' id='word_1_400' title='bbox 1615 4388 1706 4483; x_wconf 88' lang='lat' dir='ltr'>Julio</span> <span class='ocrx_word' id='word_1_401' title='bbox 1728 4393 1849 4466; x_wconf 83' lang='lat' dir='ltr'>coelum</span> <span class='ocrx_word' id='word_1_402' title='bbox 1874 4397 1931 4469; x_wconf 81' lang='lat' dir='ltr'>ad·</span> 
     </span>
     <span class='ocr_line' id='line_1_39' title="bbox 410 4484 1932 4588; baseline -0.001 -19"><span class='ocrx_word' id='word_1_403' title='bbox 410 4498 550 4571; x_wconf 86' lang='lat' dir='ltr'>modum</span> <span class='ocrx_word' id='word_1_404' title='bbox 574 4492 738 4586; x_wconf 90' lang='lat' dir='ltr'>frigebat,</span> <span class='ocrx_word' id='word_1_405' title='bbox 760 4509 825 4560; x_wconf 91' lang='lat' dir='ltr'>nec</span> <span class='ocrx_word' id='word_1_406' title='bbox 854 4503 927 4558; x_wconf 91' lang='lat' dir='ltr'>toto</span> <span class='ocrx_word' id='word_1_407' title='bbox 955 4484 1020 4558; x_wconf 92' lang='lat' dir='ltr'>hoc</span> <span class='ocrx_word' id='word_1_408' title='bbox 1045 4485 1154 4558; x_wconf 88' lang='lat' dir='ltr'>mense</span> <span class='ocrx_word' id='word_1_409' title='bbox 1178 4487 1294 4557; x_wconf 82' lang='lat' dir='ltr'>tonuit</span> <span class='ocrx_word' id='word_1_410' title='bbox 1352 4486 1454 4558; x_wconf 82' lang='lat' dir='ltr'>Anao</span> <span class='ocrx_word' id='word_1_411' title='bbox 1482 4506 1573 4582; x_wconf 85' lang='lat'>1742</span> <span class='ocrx_word' id='word_1_412' title='bbox 1598 4488 1720 4564; x_wconf 85' lang='lat' dir='ltr'>coelum</span> <span class='ocrx_word' id='word_1_413' title='bbox 1741 4492 1850 4566; x_wconf 89' lang='lat' dir='ltr'>mense</span> <span class='ocrx_word' id='word_1_414' title='bbox 1870 4491 1932 4588; x_wconf 83' lang='lat' dir='ltr'>Ju-</span> 
     </span>
     <span class='ocr_line' id='line_1_40' title="bbox 407 4581 1499 4682; baseline -0.011 -14"><span class='ocrx_word' id='word_1_415' title='bbox 407 4599 469 4669; x_wconf 83' lang='lat' dir='ltr'>nio</span> <span class='ocrx_word' id='word_1_416' title='bbox 490 4594 551 4663; x_wconf 91' lang='lat' dir='ltr'>fuit</span> <span class='ocrx_word' id='word_1_417' title='bbox 571 4586 747 4660; x_wconf 89' lang='lat' dir='ltr'>admodum</span> <span class='ocrx_word' id='word_1_418' title='bbox 768 4585 948 4682; x_wconf 87' lang='lat' dir='ltr'>frigidum,</span> <span class='ocrx_word' id='word_1_419' title='bbox 972 4605 1035 4657; x_wconf 89' lang='lat' dir='ltr'>nec</span> <span class='ocrx_word' id='word_1_420' title='bbox 1060 4603 1133 4654; x_wconf 95' lang='lat' dir='ltr'>toto</span> <span class='ocrx_word' id='word_1_421' title='bbox 1156 4581 1223 4655; x_wconf 92' lang='lat' dir='ltr'>boc</span> <span class='ocrx_word' id='word_1_422' title='bbox 1247 4582 1356 4655; x_wconf 88' lang='lat' dir='ltr'>mense</span> <span class='ocrx_word' id='word_1_423' title='bbox 1380 4585 1499 4657; x_wconf 91' lang='lat' dir='ltr'>tonuit.</span> 
     </span>
    </p>

    <p class='ocr_par' dir='ltr' id='par_1_4' title="bbox 411 4681 1933 5146">
     <span class='ocr_line' id='line_1_41' title="bbox 465 4681 1933 4777; baseline -0.003 -16"><span class='ocrx_word' id='word_1_424' title='bbox 465 4691 591 4762; x_wconf 89' lang='lat' dir='ltr'>Contra</span> <span class='ocrx_word' id='word_1_425' title='bbox 614 4685 712 4756; x_wconf 88' lang='lat' dir='ltr'>flante</span> <span class='ocrx_word' id='word_1_426' title='bbox 733 4682 841 4754; x_wconf 92' lang='lat' dir='ltr'>calido</span> <span class='ocrx_word' id='word_1_427' title='bbox 866 4682 1018 4765; x_wconf 86' lang='lat' dir='ltr'>Austro,</span> <span class='ocrx_word' id='word_1_428' title='bbox 1049 4683 1159 4755; x_wconf 88' lang='lat' dir='ltr'>omnia</span> <span class='ocrx_word' id='word_1_429' title='bbox 1183 4681 1395 4762; x_wconf 89' lang='lat' dir='ltr'>resolvente,</span> <span class='ocrx_word' id='word_1_430' title='bbox 1430 4685 1572 4773; x_wconf 89' lang='lat' dir='ltr'>aperitur</span> <span class='ocrx_word' id='word_1_431' title='bbox 1596 4685 1731 4777; x_wconf 89' lang='lat' dir='ltr'>Terra,</span> <span class='ocrx_word' id='word_1_432' title='bbox 1771 4687 1933 4765; x_wconf 79' lang='lat' dir='ltr'>&amp;abnn-</span> 
     </span>
     <span class='ocr_line' id='line_1_42' title="bbox 416 4778 1930 4879; baseline -0.003 -16"><span class='ocrx_word' id='word_1_433' title='bbox 416 4791 496 4863; x_wconf 87' lang='lat' dir='ltr'>dans</span> <span class='ocrx_word' id='word_1_434' title='bbox 518 4809 579 4879; x_wconf 93' lang='lat' dir='ltr'>pro</span> <span class='ocrx_word' id='word_1_435' title='bbox 608 4783 742 4854; x_wconf 89' lang='lat' dir='ltr'>fulmine</span> <span class='ocrx_word' id='word_1_436' title='bbox 767 4782 897 4850; x_wconf 90' lang='lat' dir='ltr'>materia</span> <span class='ocrx_word' id='word_1_437' title='bbox 921 4782 956 4848; x_wconf 92' lang='lat' dir='ltr'>in</span> <span class='ocrx_word' id='word_1_438' title='bbox 979 4778 1079 4852; x_wconf 89' lang='lat' dir='ltr'>altum</span> <span class='ocrx_word' id='word_1_439' title='bbox 1102 4779 1305 4871; x_wconf 85' lang='lat' dir='ltr'>exspiratur,</span> <span class='ocrx_word' id='word_1_440' title='bbox 1336 4801 1409 4869; x_wconf 80' lang='lat' dir='ltr'>qua·</span> <span class='ocrx_word' id='word_1_441' title='bbox 1432 4779 1585 4856; x_wconf 89' lang='lat' dir='ltr'>facillime</span> <span class='ocrx_word' id='word_1_442' title='bbox 1607 4786 1818 4879; x_wconf 87' lang='lat' dir='ltr'>exploditur:</span> <span class='ocrx_word' id='word_1_443' title='bbox 1849 4790 1930 4862; x_wconf 87' lang='lat' dir='ltr'>ideo</span> 
     </span>
     <span class='ocr_line' id='line_1_43' title="bbox 412 4875 1932 4980; baseline 0 -26"><span class='ocrx_word' id='word_1_444' title='bbox 412 4890 622 4980; x_wconf 74' lang='lat' dir='ltr'>Apni1742</span> <span class='ocrx_word' id='word_1_445' title='bbox 654 4876 743 4971; x_wconf 86' lang='lat' dir='ltr'>Julio</span> <span class='ocrx_word' id='word_1_446' title='bbox 765 4875 988 4966; x_wconf 85' lang='lat' dir='ltr'>frequentibus</span> <span class='ocrx_word' id='word_1_447' title='bbox 1011 4875 1162 4949; x_wconf 86' lang='lat' dir='ltr'>Favoniis</span> <span class='ocrx_word' id='word_1_448' title='bbox 1187 4898 1263 4949; x_wconf 91' lang='lat' dir='ltr'>cum</span> <span class='ocrx_word' id='word_1_449' title='bbox 1293 4881 1324 4949; x_wconf 92' lang='lat' dir='ltr'>vi</span> <span class='ocrx_word' id='word_1_450' title='bbox 1358 4877 1444 4975; x_wconf 88' lang='lat' dir='ltr'>larga</span> <span class='ocrx_word' id='word_1_451' title='bbox 1468 4882 1649 4968; x_wconf 90' lang='lat' dir='ltr'>imbrium,</span> <span class='ocrx_word' id='word_1_452' title='bbox 1683 4887 1854 4976; x_wconf 85' lang='lat' dir='ltr'>quinquies</span> <span class='ocrx_word' id='word_1_453' title='bbox 1880 4903 1932 4954; x_wconf 91' lang='lat' dir='ltr'>to·</span> 
     </span>
     <span class='ocr_line' id='line_1_44' title="bbox 411 4969 1931 5146; baseline -0.005 -89"><span class='ocrx_word' id='word_1_454' title='bbox 411 4983 509 5064; x_wconf 77' lang='lat' dir='ltr'>nuit:</span> <span class='ocrx_word' id='word_1_455' title='bbox 534 4983 611 5076; x_wconf 86' lang='lat' dir='ltr'>quia</span> <span class='ocrx_word' id='word_1_456' title='bbox 634 4995 725 5052; x_wconf 87' lang='lat' dir='ltr'>anno</span> <span class='ocrx_word' id='word_1_457' title='bbox 750 4973 847 5070; x_wconf 76' lang='lat'>1756</span> <span class='ocrx_word' id='word_1_458' title='bbox 868 4971 992 5068; x_wconf 77' lang='lat' dir='ltr'>junio,</span> <span class='ocrx_word' id='word_1_459' title='bbox 1016 4969 1058 5048; x_wconf 68' lang='lat' dir='ltr'>st</span> <span class='ocrx_word' id='word_1_460' title='bbox 1080 4973 1171 5146; x_wconf 44' lang='lat' dir='ltr'>jopila</span> <span class='ocrx_word' id='word_1_461' title='bbox 1198 4977 1321 5051; x_wconf 85' lang='lat' dir='ltr'>coelum</span> <span class='ocrx_word' id='word_1_462' title='bbox 1347 4977 1489 5052; x_wconf 87' lang='lat' dir='ltr'>calidum</span> <span class='ocrx_word' id='word_1_463' title='bbox 1518 4977 1615 5070; x_wconf 90' lang='lat' dir='ltr'>fuit,</span> <span class='ocrx_word' id='word_1_464' title='bbox 1653 4979 1802 5071; x_wconf 84' lang='lat' dir='ltr'>quolibet</span> <span class='ocrx_word' id='word_1_465' title='bbox 1820 4976 1931 5050; x_wconf 87' lang='lat' dir='ltr'>mense</span> 
     </span>
    </p>

    <p class='ocr_par' dir='ltr' id='par_1_5' title="bbox 1166 5077 1935 5167">
     <span class='ocr_line' id='line_1_45' title="bbox 1166 5077 1935 5167; baseline 0 -18"><span class='ocrx_word' id='word_1_466' title='bbox 1166 5097 1258 5153; x_wconf 90' lang='lat' dir='ltr'>vvv</span> <span class='ocrx_word' id='word_1_467' title='bbox 1282 5092 1376 5167; x_wconf 79' lang='lat' dir='ltr'>vvs</span> <span class='ocrx_word' id='word_1_468' title='bbox 1840 5077 1935 5167; x_wconf 67' lang='lat' dir='ltr'>quin:</span> 
     </span>
    </p>
   </div>
   <div class='ocr_carea' id='block_1_3' title="bbox 0 0 2528 6756">
    <p class='ocr_par' dir='ltr' id='par_1_6' title="bbox 0 0 2528 6756">
     <span class='ocr_line' id='line_1_46' title="bbox 0 0 2528 6756; baseline 0 0"><span class='ocrx_word' id='word_1_469' title='bbox 0 0 2528 6756; x_wconf 95' lang='lat' dir='ltr'> </span> 
     </span>
    </p>
   </div>
  </div>
 </body>
</html>
