4992 6767
557 733 637 815 732
795 697 895 786 os
952 692 1320 822 quvsusn
1374 694 1831 787 tenuiorum

426 929 446 956 ο
557 918 672 993 pamm
698 897 870 985 prismate,
895 911 932 963 ut
954 892 1093 987 angulus
1117 887 1246 964 RMC
1273 892 1310 962 lit
1333 912 1391 982 49.
1412 894 1593 991 graduum,
1617 898 1731 986 incipit
1746 896 1849 966 radius
1865 896 1951 978 Solis
1967 902 2085 972 refrin-

559 998 592 1090 gi
616 992 650 1062 bt
678 990 823 1063 reflesli:
849 990 926 1061 radii
951 988 1197 1061 violaceum
1220 992 1381 1080 incipiunt
1405 992 1437 1057 in
1456 994 1672 1088 ¹conuerfione
1697 995 1853 1081 prismatis
1872 1000 2013 1085 primum
2031 1017 2087 1069 re·

560 1092 669 1176 flecti,
695 1094 770 1178 quia
793 1092 840 1159 vis
861 1088 932 1158 vitri
953 1087 1114 1156 attrahens
1140 1088 1173 1155 in
1192 1086 1253 1154 hos
1279 1087 1386 1154 radios
1414 1085 1563 1158 niaxime'
1580 1111 1757 1181 operatur,
1790 1092 1887 1162 veluti
1906 1096 1940 1165 in
1963 1096 2089 1167 refrac-

558 1189 648 1257 tione
671 1189 766 1257 etiam
792 1184 974 1275 contingit,
998 1182 1116 1251 ultimo
1141 1183 1220 1251 radii
1247 1181 1336 1252 ΜΕ
1361 1180 1585 1256 reuertuntur.
2078 1215 2084 1224 ⁷

414 1323 560 1410 maxtt'
583 1337 587 1344 '
608 1328 638 1427 p.
665 1325 978 1404 MDCCCXXVI.
1002 1328 1036 1400 Si
1061 1327 1167 1400 radius
1193 1323 1279 1398 Solis
1302 1329 1449 1420 permetit
1472 1305 1694 1417 iriteivallum,
1720 1329 1811 1421 quod
1832 1330 1877 1400 eli
1898 1309 2093 1407 'inter'tiuoss

411 1420 466 1485 ling.
485 1433 506 1477 7.

557 1503 629 1555 rum
642 1482 840 1564 cultrorum,
857 1482 909 1551 vix
934 1443 986 1585 -Ῑξ
1000 1475 1114 1566 pollic.
1138 1472 1343 1559 distantium,
1369 1477 1456 1547 acies
1480 1474 1663 1569 parallelas,
1691 1472 1726 1546 ἃ
1752 1482 1932 1569 excipiatur
1945 1485 1979 1552 in
1994 1482 2089 1555 char'·

561 1654 592 1704 ta
611 1631 683 1702 alba
706 1623 820 1718 plana,
846 1648 919 1718 quae
944 1621 1045 1695 uibus
1066 1642 1121 1694 aut
1136 1643 1276 1715 quatuor
1291 1627 1419 1695 circiter
1434 1623 1571 1714 pedibus
1593 1623 1611 1694 i
1631 1624 1740 1696 cultris
1762 1623 1849 1695 abest
1858 1639 1874 1710 ,·
1896 1627 1952 1698 lux
1972 1630 2088 1704 candia

500 1760 507 1772 ²
555 1731 601 1802 da
622 1751 641 1798 e
668 1728 800 1822 regione
826 1720 982 1794 intervalli
1004 1718 1184 1813 speslatur,
1207 1743 1284 1792 cum
1302 1721 1534 1818 <longaeuum
1565 1722 1832 1812 utrimqueloco
1847 1722 2007 1818 illustrato
2024 1729 2087 1798 aff.

558 1826 723 1906 haerente,
751 1821 927 1912 pallidioris
951 1813 986 1888 δι
1009 1820 1167 1890 continuo
1190 1819 1405 1889 decrescentis
1429 1818 1530 1888 lucis:
1554 1820 1664 1887 cultris
1689 1816 1841 1909 paulatim
1866 1827 2000 1912 propius
2025 1811 2088 1895 adl

558 1924 677 2005 motis,
702 1922 793 1991 locus
820 1915 1055 1988 candidissimus
1081 1918 1119 2008 in
1140 1917 1253 1990 medio
1277 1916 1395 1994 chartae
1420 1918 1562 2006 primum
1578 1915 1615 1992 srt
1631 1916 1812 2012 angustior,
1838 1913 1874 1987 ἃ
1896 1921 2086 2007 nonnullae,
2114 1975 2119 1982 .

557 2015 755 2108 'aliquantum
779 2018 861 2084 inter
883 2012 915 2082 se
940 2011 1110 2099 distantes,
1136 2010 1299 2097 fimbria,
1324 2016 1416 2082 variis
1436 2011 1603 2082 coloribus
1626 2012 1811 2101 conspicuae
1830 2017 1990 2106 utrimque
2013 2020 2085 2089 ori·

557 2123 675 2185 ¹untur:
703 2107 837 2181 fimbriae
861 2110 993 2181 aciebus
1015 2108 1193 2182 cultrorum
1217 2105 1289 2180 sunt
1312 2109 1490 2200 parallelae:
1515 2109 1692 2179 cultrorum
1715 2109 1845 2186 aciebus
1860 2116 1997 2202 propius
2024 2109 2086 2185 ad·¹

556 2214 678 2293 motis,
704 2229 740 2279 ut
755 2207 823 2278 fere
842 2206 872 2275 se
889 2225 1040 2300 tangant,
1063 2199 1203 2276 'fimbriae
1226 2199 1381 2275 colorare
1404 2208 1567 2295 utrimque
1590 2228 1610 2274 a
1631 2199 1741 2275 medio
1755 2204 1885 2277 ulterius
1899 2208 2086 2298 recedunt,

556 2298 700 2378 'medium
727 2303 886 2394 amplius,
912 2302 965 2370 sed
988 2302 1153 2371 obscurius
1183 2302 1280 2372 etiam
1304 2296 1440 2383 evadit3'
1458 2303 1589 2372 aciebus
1610 2302 1787 2377 cultrorum
1810 2303 1915 2374 adhuc
1941 2310 2085 2398 propin-

555 2404 731 2495 quentibus
745 2425 748 2432 ·
763 2400 894 2469 fimbriae
918 2402 1109 2469 remotiores
1134 2397 1326 2470 evanescunt
1345 2401 1513 2489 primum,
1539 2395 1573 2469 δι
1600 2399 1712 2471 cultris
1734 2398 1765 2467 se
1785 2403 1987 2496 tangentibus
2007 2404 2090 2475 fim-

554 2502 635 2571 brias
658 2498 775 2568 mcdiae
797 2498 893 2565 etiam
916 2493 986 2565 sunt
1011 2492 1157 2565 sublatae:
1184 2498 1217 2564 in
1242 2495 1309 2565 hoc
1334 2499 1559 2585 experimento
1582 2495 1719 2565 fimbria
1735 2495 1888 2567 colorare
1906 2500 1948 2568 ab
1963 2502 2087 2573 utrius·

556 2618 621 2687 que
641 2598 721 2682 acici
754 2596 942 2666 attractione
964 2594 1129 2680 oriuntur,
1156 2592 1233 2661 ideo
1257 2589 1372 2682 equali
1397 2613 1535 2664 numero
1559 2592 1630 2662 sum
1648 2595 1809 2681 utrimque
1824 2616 1844 2664 a
1859 2596 1969 2665 medio
1988 2598 2083 2696 {igno

554 2699 588 2765 in
611 2693 684 2762 alba
702 2692 810 2762 charta
830 2690 1035 2782 conspicuae:
1061 2710 1172 2761 verum
1193 2692 1387 2790 remotiores
1408 2710 1427 2761 a
1452 2692 1483 2759 vi
1506 2688 1684 2780 repellente
1710 2691 1842 2759 excitari
1869 2692 2029 2769 videntur.

405 2808 576 2906 12n,1m,'‘
605 2817 636 2916 p.
663 2813 992 2892 MDCCCXXVll.
1024 2820 1059 2891 si
1084 2841 1162 2890 vero
1185 2819 1364 2890 cultrorum
1387 2821 1471 2888 acles
1493 2841 1561 2888 non
1582 2817 1701 2887 suerint
1723 2818 1914 2907 parallelo,
1946 2820 1999 2890 sed
2021 2843 2083 2895 an·

405 2916 462 2979 ¹³¹·
478 2934 504 2971 ⁹·
542 2913 667 3017 pulum
692 2917 926 3001 formaverint,
949 2938 990 2986 ex
1015 2935 1201 3005 permeante
1223 2917 1305 2984 lucis
1331 2915 1423 2982 radio
1450 2913 1566 2982 ssmiles
1585 2913 1740 2983 coloratae
1766 2914 1899 2990 fimbriae
1921 2940 1959 2988 ac
1984 2920 2018 2988 in
2041 2916 2080 3017 ς.

559 3017 662 3089 1826.
691 3015 926 3106 secernuntur,
952 3011 1005 3078 sed
1034 3030 1139 3077 curvae
1164 3011 1198 3076 in
1219 3007 1358 3078 sormam
1379 3029 1541 3094 arcuum,
1575 3011 1631 3104 qui
1657 3009 1786 3084 diversae
1808 3012 1881 3084 sunt
1900 3014 2084 3090 latitudinis

555 3109 591 3182 ἃ
613 3110 853 3197 amplitudinis,
878 3107 926 3173 uti
948 3106 981 3173 in
1004 3103 1162 3173 schemate
1187 3102 1297 3174 videre
1322 3101 1379 3174 este
1443 3145 1448 3152 ·

558 3273 565 3282 -
604 3232 634 3328 p,
661 3226 1006 3299 MDCCCXXVlll.
1041 3228 1076 3297 Si
1098 3228 1278 3299 cultrorum
1292 3263 1295 3294 ;
1310 3231 1398 3301 acies
1422 3233 1455 3301 in
1477 3227 1605 3304 diversis
1627 3234 1732 3324 planis
1754 3236 1898 3324 suerint,
1924 3259 1999 3331 quae
2020 3241 2082 3313 ali·

554 3350 711 3423 quantum
734 3323 876 3409 distant,
901 3343 998 3414 atque
1022 3323 1129 3394 radius
1152 3324 1295 3397 lucisab
1320 3347 1456 3422 utraque
1479 3332 1550 3400 acie
1572 3334 1607 3401 in
1632 3331 1774 3408 fimbrias
1799 3338 1958 3408 coloratas
1980 3335 2080 3411 suerit

554 3426 728 3507 discretus,
755 3442 821 3490 rum
844 3419 949 3490 cultro
974 3422 1124 3490 anteriori
1148 3423 1189 3493 ad
1211 3425 1355 3493 medium
1378 3425 1457 3494 radii
1485 3427 1640 3508 admoto,
1667 3427 1803 3502 fimbriae
1824 3436 1977 3507 colorata
1991 3434 2077 3525 post

554 3526 765 3606 remotiorem
789 3515 929 3610 cultrum
956 3518 1144 3592 euanescere
1165 3523 1349 3614 incipiunt,
1375 3521 1592 3614 superstitibus
1615 3525 1750 3598 fimbriis
1771 3533 1845 3623 post
1868 3531 2006 3602 cultrum
2019 3553 2081 3602 an·

555 3639 719 3695 tenorem.

562 3775 565 3784 ·
604 3740 638 3830 s.
664 3736 977 3812 MDCchxlio
1009 3736 1159 3814 Annon
1189 3748 1336 3815 oriuntur
1363 3744 1413 3815 bae
1434 3746 1577 3824 fimbriae.
1594 3749 1768 3831 coloratae,
1794 3757 1870 3841 quia
1893 3776 1934 3823 ex
1968 3754 2081 3826 cultris

471 3865 476 3906 t
557 3842 654 3911 etiam
678 3839 744 3908 ertit
765 3839 813 3908 vis
832 3837 1013 3926 repellens,
1037 3855 1114 3925 quae
1131 3837 1173 3907 ad
1192 3840 1293 3929 maius
1309 3840 1508 3910 intervallum
1525 3863 1696 3929 operatur,
1722 3868 1818 3932 quam
1834 3852 1880 3917 vis
1897 3852 2080 3923 attrahens:

455 3961 475 3976 ··
560 3936 676 4028 quodsr
700 3937 796 4029 igitur
816 3936 862 4003 vis
886 3932 1046 4024 repellens
1072 3936 1168 4004 unius
1191 3933 1285 4005 cultri
1309 3955 1463 4023 operetur
1487 3939 1519 4004 in
1541 3937 1669 4021 radios,
1694 3943 1750 4027 qui
1776 3945 1816 4008 ab
1843 3942 1945 4010 altero
1968 3948 2081 4018 cultro

559 4034 787 4115 attrahuntur,
819 4033 867 4101 vis
898 4051 1033 4121 utraque
1063 4031 1098 4101 in
1126 4031 1235 4102 radios
1267 4053 1419 4121 operatur
1447 4034 1480 4102 in
1506 4031 1683 4106 directione
1709 4034 1842 4124 quidem
1867 4037 1986 4122 fimili,
2021 4041 2081 4111 sed

560 4153 629 4206 non
654 4149 802 4200 accurate
827 4128 963 4213 eidem,
988 4123 1023 4198 δι
1045 4148 1086 4198 an
1108 4127 1185 4200 hinc
1207 4128 1288 4198 radii
1311 4150 1381 4199 non
1405 4127 1527 4198 debent
1550 4129 1568 4197 s
1589 4127 1620 4197 se
1645 4128 1793 4217 secerni,
1826 4133 2008 4223 explicari,
2045 4134 2082 4208 δι

559 4228 700 4299 formare
723 4226 863 4298 fimbrias
889 4224 1067 4306 coloratas,
1093 4248 1168 4317 quae
1190 4243 1325 4296 tantum.
1342 4223 1414 4296 sunt
1437 4225 1517 4296 radii
1538 4227 1575 4302 ,in
1591 4225 1754 4297 coloratos
1769 4229 1913 4300 radiolos
1935 4230 2081 4322 separati.

562 4326 644 4397 Ideo
669 4326 801 4416 quando
827 4325 912 4393 acies
934 4323 1111 4395 cultrorum
1136 4326 1298 4413 proximae
1321 4322 1378 4393 fibi
1403 4321 1493 4405 sunt,
1520 4339 1605 4392 tanta
1628 4324 1768 4413 repulsio
1790 4329 1824 4397 in
1852 4326 1959 4398 lucem
1980 4330 2020 4399 ab
2045 4352 2082 4401 u·

563 4441 676 4513 traque
703 4424 773 4494 acie
796 4439 983 4504 exercetur,
1009 4439 1045 4490 ut
1068 4419 1154 4489 nulla
1176 4419 1233 4487 lux
1257 4420 1394 4508 amplius
1419 4422 1505 4487 resia
1530 4419 1742 4503 transeat,-&
1768 4424 1843 4493 ideo
1866 4424 1959 4494 locus
1981 4428 2084 4501 medi·

562 4525 658 4591 usin
683 4518 789 4590 tabula
809 4515 845 4585 fit
867 4537 1018 4605 opacus,
1051 4514 1269 4605 superstitibus
1302 4514 1374 4584 satis
1401 4514 1517 4605 amplis
1541 4511 1576 4582 δι
1600 4515 1788 4592 distantibus
1811 4519 1977 4608 fimbriis,
2009 4546 2084 4615 quae

564 4619 694 4686 tandem
720 4619 815 4686 eriam
841 4614 1041 4686 evanescunt.
1432 4687 1435 4692 .

612 4708 718 4802 Quod
740 4733 847 4783 autem
873 4713 991 4803 speilat
1013 4709 1260 4803 phoenomenon
1281 4708 1311 4806 p.
1342 4706 1445 4782 1'828.
1473 4713 1553 4782 ratio
1577 4709 1648 4780 hac
1673 4714 1735 4784 esse
1760 4716 1906 4786 videtur:
1938 4720 1972 4788 in
1997 4722 2083 4809 prin·

562 4806 652 4894 cipio
685 4809 796 4877 rimam
818 4815 901 4880 inter
922 4813 1007 4878 acies
1030 4809 1170 4904 amplam
1195 4807 1251 4879 lux
1270 4808 1376 4880 transit
1402 4809 1443 4879 ab
1467 4828 1601 4899 utraque
1630 4812 1699 4881 acie
1727 4817 1857 4883 aurasia
1881 4809 1916 4884 bt
1940 4816 2082 4905 repulsa:

563 4900 697 4996 quando
721 4920 790 4972 tum
815 4906 900 4977 acies
923 4910 1064 4980 anterior
1086 4908 1298 5000 admovetur,
1322 4909 1370 4985 vis
1391 4906 1459 5003 ejus
1478 4904 1659 5003 repellens,
1686 4932 1759 5002 que
1774 4910 1923 5006 ampliori
1939 4912 2083 4984 distantia

662 5059 666 5072 .
777 5073 779 5078 ,
1278 5031 1283 5040 ·
1507 5033 1510 5040 ·
1985 5025 2088 5099 quam
