4992 6767
590 672 699 768 DE
757 669 1245 762 METEORIS
1301 676 1644 772 IGNEIS.
1782 715 1887 801 1077

355 878 507 957 deorsum
530 872 573 944 ad
599 870 702 944 solum
726 867 861 979 derivari
886 865 1000 961 pout,
1025 872 1167 961 crepitus
1189 874 1223 946 in
1247 894 1384 956 manus,
1412 874 1592 951 &metalla
1607 882 1746 978 insignes
1761 885 1887 976 edens,

354 982 485 1054 evenire
510 974 642 1066 potuit,
666 989 704 1041 ut
727 963 819 1037 fimtli
847 967 880 1036 in
904 966 1136 1041 constitutione
1159 971 1235 1044 coeli
1267 971 1458 1048 eleflricitas
1480 977 1614 1073 ingressa
1633 978 1731 1050 suerit
1756 986 1884 1074 apicem

354 1078 430 1151 mali
452 1079 485 1146 in
511 1092 612 1157 nave,
636 1061 785 1141 deorsum
807 1070 1004 1153 cucurrerit,
1030 1061 1065 1139 dt
1092 1066 1261 1155 homines,
1290 1072 1551 1168 quattuorue,
1578 1099 1652 1148 curn
1668 1076 1796 1173 fragore
1816 1101 1882 1153 tru-

353 1177 522 1250 cidaverit:
548 1190 603 1243 aut
628 1166 718 1261 pulsa
736 1162 774 1234 fit
796 1186 813 1234 a
838 1185 940 1238 vento
963 1166 996 1235 in
1025 1169 1178 1238 verticem
1204 1170 1343 1239 ferream
1371 1176 1464 1241 turris
1488 1171 1583 1256 altae,
1609 1173 1644 1245 dt
1673 1178 1884 1270 perreliqua

352 1277 544 1347 ferramenta
568 1288 679 1340 means
702 1262 852 1334 inciderit
874 1264 909 1332 in
931 1262 993 1333 alia
1023 1262 1115 1337 srtma
1139 1287 1303 1359 corpora,
1327 1269 1523 1361 explofaque
1552 1272 1689 1344 ediderit
1715 1255 1882 1348 flamffiam

352 1374 561 1538 fulmineanfir(3
584 1363 621 1437 δι
641 1361 805 1461 fragorem
829 1362 990 1435 tonitrui:
1019 1361 1098 1435 ideo
1119 1385 1309 1438 memoratae
1334 1367 1574 1442 observationes
1601 1393 1689 1444 nunc
1714 1396 1784 1447 non
1806 1375 1880 1446 sunt

350 1470 493 1542 l'ublestae
562 1467 605 1535 ei.

400 1609 431 1710 ς.
457 1601 733 1682 mmuxxxlr.
765 1598 888 1674 Monui
912 1597 1025 1693 supra,
1048 1597 1204 1673 Meteora
1227 1600 1293 1672 effe
1318 1606 1451 1694 propria
1477 1604 1542 1677 fuis
1566 1608 1777 1703 regionibus,
1801 1610 1880 1683 ideo

350 1732 453 1805 pauca
467 1705 653 1780 universalia
666 1703 748 1773 tradi
763 1698 912 1793 possuntt
936 1697 1023 1769 idem
1049 1700 1081 1769 in
1103 1699 1275 1783 fulmine,
1292 1696 1327 1769 dt
1344 1700 1485 1773 Tonitru
1499 1703 1610 1775 locum
1629 1704 1747 1792 babet,
1765 1730 1880 1799 quarn·

349 1811 465 1880 obrem
489 1803 654 1878 universus
676 1800 849 1873 Terrarum
874 1795 965 1868 orbis
986 1796 1033 1866 est
1055 1797 1314 1886 percurrendos,
1339 1818 1397 1880 ut,
1419 1802 1577 1890 quicquid
1594 1806 1629 1871 in
1659 1805 1805 1892 qualibet
1828 1827 1880 1878 re·

351 1911 452 2003 gione
475 1905 664 1999 contingit,
688 1900 895 1978 addiscatur,
927 1914 1003 1965 cum
1024 1913 1134 1964 autent
1157 1895 1262 1963 ubivis
1286 1892 1509 1967 observatores
1530 1917 1598 1966 non
1624 1900 1772 1995 degant,
1799 1925 1881 1991 pau·

350 2009 397 2074 cis
425 2002 633 2096 sequentibus
656 1997 804 2070 contenti
827 1993 923 2065 limus
947 2010 1112 2083 oportet;
1145 1990 1254 2060 donec
1277 1994 1456 2062 accuratius
1475 1993 1645 2085 posteritas
1667 1997 1762 2087 plura
1783 2020 1880 2074 com·

348 2124 461 2194 pertat.

399 2222 436 2291 ln
458 2211 683 2287 Groenlandia
697 2216 752 2287 virt
769 2231 883 2292 tonat,
900 2207 935 2277 δι
956 2207 1122 2291 fulminat,
1146 2224 1283 2276 notante
1307 2203 1400 2278 Hans
1422 2204 1549 2300 Egede.
1600 2210 1711 2282 Simile
1739 2215 1772 2282 in
1797 2211 1879 2289 Sinu

349 2314 500 2389 Hudsoni
520 2330 712 2399 compertus
733 2308 779 2377 est
803 2304 887 2377 Ellis
914 2303 1002 2398 (a),
1029 2304 1149 2376 etiamsi
1172 2303 1279 2372 aestate
1302 2302 1353 2373 sert
1379 2304 1623 2393 septimanarum
1648 2307 1784 2378 decursu
1809 2333 1879 2383 coe·

346 2416 414 2486 lum
438 2411 474 2480 stt
496 2407 660 2490 calidum;
686 2424 850 2487 attamen,
875 2401 1008 2494 quando
1030 2422 1142 2492 tonat,
1168 2404 1310 2470 tonitrua
1328 2400 1511 2471 terribiliter
1531 2408 1701 2499 mugiunt,
1726 2408 1879 2480 arbores·

346 2534 412 2601 que
438 2531 456 2578 a
482 2504 620 2575 fulmine
652 2502 902 2586 incenduntur,
935 2503 970 2572 in
1000 2498 1156 2571 Carolina
1179 2501 1342 2568 Americae
1374 2496 1502 2588 Mayo,
1525 2497 1648 2592 junio,
1672 2501 1782 2594 Juli0,
1807 2527 1878 2579 non

348 2611 453 2697 saepe,
478 2603 531 2673 se'd
553 2601 763 2671 vehementer
783 2599 868 2689 pluit
889 2619 965 2668 cum
990 2597 1095 2669 multo
1120 2596 1278 2683 fulmine,
1304 2592 1338 2665 dt
1368 2596 1501 2666 terribili
1527 2601 1705 2670 tonitruum
1729 2605 1877 2698 mugitu,

346 2704 481 2775 fulmina
503 2698 625 2770 multos
646 2697 858 2766 vehementiae
885 2692 1019 2764 effecius
1041 2695 1249 2783 relinquunt,
1275 2691 1432 2761 findendo
1450 2696 1618 2766 arboresa
1639 2703 1810 2769 cacumine
1833 2699 1877 2772 ad

347 2802 489 2873 radicem
516 2795 605 2889 (b).
632 2790 689 2864 De
711 2792 862 2884 Scythia,
886 2786 1023 2866 &locis
1046 2790 1224 2885 rigentibus
1248 2791 1281 2858 in
1301 2787 1563 2877 Septemtrionali
1578 2787 1744 2881 Europae,
1771 2794 1807 2863 dt
1829 2798 1879 2868 A.

347 2900 399 2969 liae
421 2896 474 2991 pla
539 2892 674 2963 fulmina
700 2907 768 2962 non
791 2885 856 2960 elle
882 2888 1064 2978 frequentia
1087 2887 1252 2957 affirmavit
1275 2883 1420 2969 Plinius,
1445 2884 1648 2957 conlimravit
1669 2887 1793 2972 Olaus,
1818 2891 1877 2961 ad·

346 3000 446 3079 dens,
485 2992 605 3064 ulmina
634 3007 740 3057 tamen
763 2985 828 3058 elle
862 2988 1066 3057 nocentiora.
1115 2982 1285 3072 Petropoli
1314 2985 1443 3053 circiter
1475 2981 1584 3055 decies
1613 2986 1762 3074 quolibet
1786 3009 1875 3060 anno

344 3093 445 3165 abne
463 3087 583 3182 Aprilis
605 3086 646 3156 ad
669 3086 794 3154 initium
813 3082 1014 3173 Septembris
1041 3101 1150 3150 tonat:
1175 3101 1250 3150 nam
1279 3078 1335 3149 Cl.
1351 3076 1509 3149 Ktafftius
1538 3099 1616 3173 107.
1641 3082 1779 3153 tonuisse
1806 3084 1876 3175 spa·

345 3196 393 3264 tio
423 3211 461 3260 rr
490 3205 650 3259 annorum
675 3201 828 3274 expertus
851 3178 907 3251 est.
937 3175 1000 3273 (c)
1028 3175 1169 3269 Upsaliae
1193 3177 1227 3247 in
1252 3174 1368 3247 Suecia
1395 3196 1485 3249 tonat
1515 3173 1644 3268 Mayo,
1667 3180 1792 3271 junio,
1814 3180 1877 3277 Ju·
1915 3235 1919 3242 .

343 3291 409 3376 lio,
434 3283 598 3382 Augusto.

394 3409 433 3480 ln
456 3403 612 3475 Yslandia
633 3421 727 3475 tonat
748 3398 956 3491 frequenter,
982 3402 1050 3471 imo
1079 3395 1192 3490 saepius
1215 3392 1357 3486 hyeme,
1380 3415 1478 3484 quam
1496 3393 1623 3490 aestate,
1648 3399 1696 3469 uti
1713 3393 1747 3470 dt
1765 3403 1798 3472 in
1817 3408 1875 3481 in..¹

342 3509 417 3578 fulls
449 3500 655 3578 Orcadibus,
687 3498 824 3560 fulmina
854 3496 1046 3577 plerumque
1079 3496 1148 3555 sunt
1179 3494 1332 3557 innocua.
1383 3490 1558 3564 Memoriae
1588 3498 1753 3582 proditum
1783 3501 1874 3578 ella

345 3595 523 3674 Sibbaldo,
545 3593 580 3659 in
605 3588 719 3661 Scotia
744 3586 904 3665 tonitrua,
921 3580 956 3653 dt
973 3581 1108 3653 fulmina
1124 3603 1191 3652 non
1214 3581 1277 3651 effe
1291 3580 1488 3672 frequentia:
1515 3587 1601 3657 idem
1619 3593 1651 3658 in
1670 3594 1789 3684 Anglia
1810 3602 1874 3670 ob-

344 3694 478 3770 servari,
503 3687 627 3759 notavit
645 3681 831 3769 Polydorus
854 3676 1031 3774 Virgilius,
1058 3678 1112 3751 sed
1136 3680 1254 3769 hyeme
1278 3681 1331 3748 vix
1372 3700 1513 3769 unquam
1545 3702 1657 3754 tonare
1689 3685 1871 3766 illiortonus

345 3793 437 3890 (d).
472 3782 660 3858 Secundum
682 3776 845 3849 Ortelium
873 3781 907 3850 in
931 3774 1096 3866 Hybernia
1119 3781 1172 3848 vix
1194 3775 1291 3846 semel
1315 3779 1388 3847 anni
1419 3778 1521 3868 spatio
1542 3778 1703 3855 'fonitnta
1732 3789 1871 3864 audiun·

345 3914 406 3964 tur.
446 3885 609 3980 Tubingae
632 3896 782 3968 tempore
806 3894 830 3966 9
856 3896 1015 3948 annorum
1045 3874 1249 3963 tempestates
1282 3871 1454 3946 fulmineas
1476 3874 1566 3948 fuisse
1597 3900 1660 3974 ¹31
1691 3886 1871 3960 observavit

345 3990 402 4062 Cl.
421 3979 608 4064 Krafftius‚
640 3993 780 4050 numeru
803 3974 903 4068 igitur
925 3972 1037 4044 medio
1062 3972 1168 4043 suano
1194 3971 1361 4063 prodeunt
1397 3995 1439 4067 15
1467 3980 1670 4067 tempestatas
1700 3980 1870 4062 fulminea

343 4108 407 4179 pro
424 4080 574 4174 quolibet
593 4095 699 4150 annot
726 4069 841 4162 primae
868 4069 1103 4161 utplurimum
1130 4093 1208 4140 ortae
1237 4068 1308 4140 funt
1330 4072 1438 4142 mense
1460 4072 1581 4162 fllayo:
1609 4078 1867 4164 hybernismen·

343 4187 428 4255 sibus
448 4183 555 4253 tonuit
571 4198 620 4250 ter
633 4193 706 4246 toto
723 4167 791 4242 boc
812 4187 984 4263 tempore„
1009 4165 1185 4257 &semper
1205 4167 1303 4238 fiante
1329 4169 1474 4242 violento
1499 4191 1597 4243 vento
1617 4172 1791 4269 favonio,
1808 4202 1864 4256 aur

344 4280 458 4355 Africo
486 4275 563 4372 (e).
590 4268 758 4364 Ultiajetti
780 4267 931 4359 quolibet
950 4288 1038 4340 anno
1068 4266 1176 4337 decies
1199 4267 1371 4356 quinquies
1397 4265 1567 4356 fulminat,
1590 4293 1729 4344 numero
1750 4259 1865 4354 medio¹

344 4378 466 4453 sumto:
492 4369 627 4468 &quia
648 4368 786 4444 marina
807 4366 879 4441 funt
898 4365 1060 4455 violenta,
1085 4362 1169 4459 saepe
1192 4361 1388 4438 calamitates
1409 4363 1566 4439 inferunt:
1590 4370 1613 4442 li
1636 4392 1744 4452 autem
1762 4396 1866 4450 annus

422 4653 482 4737 (a)
500 4653 626 4731 voytgc
645 4662 679 4716 tn
698 4649 837 4716 Hudsons
857 4650 923 4729 bap.
945 4665 1012 4729 pag.
1027 4657 1096 4725 tn.

415 4738 476 4811 (b)
499 4735 625 4811 Catesby
645 4731 755 4794 Hister.
775 4730 907 4794 carossa.
927 4749 995 4807 pag.
1009 4748 1037 4788 2.
1693 4791 1696 4796 Ι

414 4814 474 4890 (ι)
495 4815 660 4877 comment.
682 4807 922 4888 reportatum.
941 4826 986 4869 rx.
1004 4823 1070 4886 pag.
1086 4819 1156 4882 343.
1175 4798 1246 4868 vob
1260 4814 1311 4868 ιι.
1328 4817 1397 4886 pag.
1418 4812 1497 4888 146,
1516 4809 1587 4885 258.

430 4894 476 4970 d)
499 4896 623 4956 Mattoa
645 4890 721 4952 iiim
740 4893 846 4953 Natat.
863 4889 1094 4967 Nortbamptan.
1115 4897 1182 4966 pag.
1197 4891 1266 4962 348·
1755 4891 1759 4898 '

438 4973 474 5052 t)
493 4972 598 5041 litem
617 4970 745 5037 malea
766 4966 877 5050 Papae,
897 4967 1008 5045 Vols.
1026 4983 1093 5049 pta.
1108 4980 1178 5120 aab.
1733 4972 1737 4980 ’

1181 5068 1204 5123 V
1227 5069 1277 5122 V!
1298 5065 1347 5121 vv
1371 5059 1394 5113 Ἰ
