4992 6767
810 690 1526 790 mansan.
1844 698 1925 809 n,

397 889 583 977 aemulans,
613 906 685 961 non
703 884 816 979 prodit
838 883 897 956 sub
920 882 1026 960 forma
1049 888 1238 980 bullarum,
1268 891 1376 965 rostro
1405 886 1580 983 AEolipilu
1601 884 1659 961 sab
1685 884 1787 977 Aqua
1809 889 1926 984 frigida

398 986 558 1084 depresso.
607 982 841 1056 Exhalationes
864 986 961 1053 mam
983 984 1181 1079 reliquorum
1204 1011 1382 1084 corporum
1406 985 1548 1059 successu
1571 986 1726 1078 temporis
1748 985 1922 1077 quusrper·

396 1108 498 1171 eunt,
523 1105 598 1155 curn
622 1101 729 1176 partes
749 1078 858 1152 emiffa
877 1080 1064 1160 elesticileoe
1083 1088 1348 1185 conjunguntur,
1372 1087 1408 1157 in
1430 1083 1558 1158 dendus
1580 1082 1716 1156 fluidum
1733 1081 1922 1166 conversae,

398 1182 500 1257 veluti
522 1181 670 1277 pluribus
694 1180 923 1272 experimentis
950 1178 1128 1271 Boyleanis
1149 1185 1227 1277 (o)
1251 1187 1285 1255 in
1311 1186 1402 1257 Adae
1425 1180 1549 1252 seditio
1567 1202 1610 1251 cx
1632 1178 1741 1260 Uvis,
1767 1176 1854 1270 pasta
1873 1176 1923 1250 ia·

394 1284 507 1365 tine,
541 1280 720 1361 carnibus,
753 1274 889 1366 aliisque
911 1279 1008 1348 rebus
1040 1277 1335 1366 fermentantibus,
1368 1281 1654 1372 putrescentibus,
1682 1274 1925 1347 effervescenti-

396 1378 460 1454 bus
488 1376 588 1473 (b),
612 1371 808 1458 combustis,
834 1391 902 1443 tum
928 1372 963 1444 or
988 1396 1030 1446 cx
1053 1373 1233 1452 Halefianis
1254 1377 1422 1452 nonnullis
1446 1374 1591 1446 constitit
1616 1374 1705 1466 (cia
1729 1372 1790 1444 nist
1815 1390 1924 1462 partes

398 1478 528 1552 neum
553 1471 709 1544 factitium
734 1468 912 1542 fonnantes
935 1470 1171 1561 denserentur„
1205 1472 1446 1548 &reciderent
1476 1473 1513 1543 in
1537 1471 1669 1555 solum,
1698 1468 1924 1560 amtospbcrae

397 1572 553 1658 volumen
577 1572 639 1642 ive
662 1567 853 1664 magnitudo
873 1570 1026 1657 ‚quotidie
1048 1573 1268 1657 incresceret,
1302 1575 1350 1646 ob
1378 1574 1545 1666 ingentem
1576 1585 1754 1658 corporum
1779 1565 1925 1659 mutnus,-

395 1668 528 1755 dinem,
553 1689 628 1759 quar
652 1667 908 1754 comburuntur,
930 1686 1144 1754 putrescunt,
1167 1668 1424 1753 fermentantur,
1448 1665 1691 1748 effervescunt,
1717 1656 1752 1736 dt
1777 1660 1927 1751 pondere

395 1765 510 1857 majori
530 1767 642 1836 omnia
661 1781 827 1854 corpora,
862 1781 936 1851 quae
967 1761 1038 1834 sunt
1070 1766 1105 1834 in
1136 1764 1248 1836 Terrae
1277 1765 1475 1854 superficie,
1516 1783 1605 1833 nunc
1638 1777 1805 1851 premeret
1829 1776 1929 1848 quam

397 1859 512 1949 olim,
538 1861 630 1954 quod
654 1882 722 1931 non
746 1856 813 1939 fit,
838 1855 1009 1930 Mercurio
1038 1860 1152 1930 tubum
1173 1862 1215 1931 ad
1236 1861 1375 1932 eandem
1400 1860 1450 1931 his
1476 1858 1679 1949 temporibus
1702 1854 1858 1927 subeunte
1882 1852 1929 1925 al·

397 1958 588 2046 titudinem,
611 1979 650 2030 ac
673 1977 749 2028 ante
772 1953 939 2041 seculum,
962 1976 1038 2028 cum
1067 1955 1311 2050 Baroscopium
1330 1957 1566 2030 inveniebatur.

401 2125 407 2133 -
453 2085 487 2182 §-
522 2080 739 2157 mmxmx.
774 2081 936 2152 Praeterea
959 2081 1041 2154 neri
1064 2082 1198 2155 facultas
1224 2084 1271 2155 est
1291 2085 1330 2153 in
1351 2081 1478 2175 pabulis
1502 2083 1613 2174 ignem
1638 2075 1818 2151 terrestrem
1842 2097 1928 2148 con·

395 2181 576 2254 servandis.
599 2201 715 2253 oontra
738 2196 877 2269 vapores
898 2175 939 2248 dt
962 2197 1141 2269 corpomm
1162 2181 1385 2251 ambulationes
1405 2185 1514 2341 iffem
1540 2173 1686 2245 citissime
1709 2177 1797 2244 extin
1845 2192 1929 2257 unt,

395 2278 562 2351 flammam
584 2274 826 2356 vividissimum,
853 2295 925 2343 tum
946 2276 1108 2366 fulgorem
1133 2293 1334 2364 prunaruma
1358 2295 1395 2343 ut
1468 2272 1541 2339 ferri
1561 2272 1727 2339 candentis
1746 2271 1779 2338 su
1806 2288 1925 2353 ocant,

396 2376 495 2447 veluti
523 2372 794 2463 praestamiffrmus
819 2366 976 2454 Halleyus
996 2364 1202 2455 observavit,
1236 2369 1329 2462 quod
1361 2371 1505 2461 repetitis
1537 2366 1691 2457 periculis
1716 2349 2076 2474 confirmaviaffffiffi

397 2470 511 2544 Parata
534 2468 596 2537 fuit
619 2462 763 2535 mensula
785 2462 925 2531 rotunda
942 2461 1042 2552 CC,
1077 2465 1223 2538 durnetri
1246 2490 1282 2558 4.
1312 2467 1502 2561 pollicum,
1534 2464 1637 2535 tribus
1662 2460 1807 2533 insilient
1831 2463 1925 2553 pedi·

398 2619 483 2699 b⁰⁵2
509 2578 590 2721 δὲ
620 2608 702 2703 ΡΟῙι
731 2606 829 2679 ²¹5⁸ss
856 2605 1011 2681 mensula
1039 2611 1223 2702 impolitum
1252 2612 1314 2686 fuit
1343 2611 1525 2689 vaenire
1555 2608 1732 2683 rotundum
1764 2607 1845 2696 D,
1868 2632 1925 2684 ca-
1995 2619 2005 2724 ’·
2059 2616 2080 2628 ··

401 2767 496 2857 piens
521 2764 554 2831 in
577 2756 683 2872 fundo
698 2759 857 2842 cineres,
890 2758 926 2828 in
949 2759 1068 2850 quibus
1086 2758 1214 2850 jacebat
1237 2761 1358 2835 ferrum
1382 2759 1589 2871 rotundum,
1621 2758 1820 2847 aliquantum
1846 2781 1929 2833 con·

401 2880 538 3025 illu&
549 2850 1188 3043 eliensinit'irinti
1203 2853 1929 3043 znilbtlii0“ltinid;l²;0nilit

401 3047 436 3121 dt
468 3069 522 3141 ις.
547 3044 687 3137 pollices
711 3044 803 3127 alto,
834 3047 887 3113 cui
913 3046 1100 3135 impofitum
1123 3066 1190 3118 erat
1216 3050 1412 3138 operculum
1434 3047 1667 3119 Orichalceum
1693 3048 1804 3132 An,
1837 3047 1932 3139 cujus

400 3146 545 3219 medium
567 3140 736 3225 foramen,
757 3138 820 3223 -F,
844 3138 1083 3213 infundibulum
1107 3163 1234 3215 aeneum
1257 3139 1344 3214 HG
1368 3144 1541 3216 transibat:
1569 3142 1707 3213 rostrum
1734 3139 1769 3211 G
1794 3143 1931 3234 opposi-

403 3265 473 3316 tum
500 3239 561 3312 fuit
580 3238 667 3309 ferro
690 3237 804 3323 Εμυι
827 3236 985 3327 quicquid
1006 3236 1248 3324 inlimderetur,
1274 3239 1436 3310 laberetur
1456 3242 1489 3308 in
1509 3236 1658 3324 serrum;
1681 3238 1725 3308 ab
1749 3241 1829 3332 igne
1852 3236 1934 3310 sem

402 3340 539 3413 fluidum
565 3340 601 3407 in
631 3354 788 3426 vaporem
820 3334 1032 3418 vertebatur,
1067 3336 1259 3427 implentem
1288 3357 1395 3409 totum
1419 3333 1629 3425 cylindrum,
1662 3355 1738 3405 cum
1764 3334 1930 3425 copiosior

402 3438 540 3510 evaserat
559 3453 680 3525 vapor,
705 3429 889 3502 elassicitate
914 3430 945 3500 se
966 3432 1155 3520 expandens
1178 3432 1350 3505 attollebat
1364 3428 1578 3523 operculum,
1602 3430 1735 3511 exibat,
1759 3452 1828 3503 non
1842 3428 1933 3504 stan·

402 3536 514 3631 gendo
539 3530 738 3617 cylindrum:
764 3547 783 3594 a
807 3544 928 3613 vapore
954 3529 1082 3613 nque,
1107 3525 1238 3608 Laetis,
1263 3526 1362 3611 Vini,
1389 3528 1516 3610 Acen,
1543 3526 1678 3613 Spiritus
1703 3524 1802 3610 Vini,
1828 3527 1932 3618 spiti-

404 3654 455 3702 rus
479 3627 595 3707 Nitri,
629 3622 767 3711 Spiritus
790 3618 871 3689 Salis
893 3618 1135 3703 Ammoniaci,
1165 3625 1251 3692 intra
1281 3625 1339 3692 trin
1371 3624 1493 3694 minuta
1522 3618 1659 3690 secunda
1685 3626 1833 3691 extinelae
1859 3621 1933 3696 sunt

405 3728 578 3806 flammae,
614 3739 684 3790 tum
707 3711 743 3787 dt
765 3734 878 3805 prunae
902 3712 1057 3806 cespitum
1092 3714 1391 3795 Holbndicorum:
1423 3719 1510 3790 idem
1543 3715 1690 3807 praestitit
1722 3714 1830 3787 sumus
1863 3717 1932 3791 olei

405 3816 671 3900 Terebinthinae,
696 3811 762 3884 olei
784 3809 974 3892 Olivarum,
999 3810 1157 3882 Petroleia
1187 3813 1410 3886 exhalationes
1425 3808 1591 3910 sanguinis
1615 3811 1761 3896 vitulini,
1787 3815 1845 3904 qui
1873 3835 1930 3886 ra.

405 3920 523 3994 diebus
551 3926 819 4004 computrueratc
849 3904 1069 3978 exhalationes
1090 3907 1234 3990 intestini
1258 3908 1353 3988 Lucii
1379 3908 1538 4002 piscis&
1565 3906 1706 3995 Percae,
1740 3910 1931 4001 putresadlis

405 4018 509 4111 spatio
533 4012 566 4082 8.
588 4010 735 4079 dierum:
766 4000 920 4093 exspirata
943 4000 1079 4075 Florum
1106 4004 1302 4090 Cereviliae,
1326 4005 1402 4076 Vini
1424 4006 1644 4076 fermentantis
1668 4007 1768 4099 (d),
1795 4028 1863 4079 tum
1890 4006 1929 4080 dc

403 4112 495 4207 panis
519 4105 770 4186 sennentantis,
801 4120 877 4190 quae
901 4100 934 4169 in
957 4098 1065 4169 clauso
1091 4105 1266 4190 recipiente
1297 4103 1543 4194 gignebantur,
1575 4103 1665 4185 quod
1691 4102 1723 4169 T
1725 4105 1829 4172 abulae
1854 4104 1930 4173 iuli·

403 4212 524 4285 stebat,
535 4202 626 4274 valva
646 4203 697 4271 exi
724 4220 764 4269 ua
777 4193 956 4288 aperiendo
972 4192 1008 4263 dt
1025 4194 1218 4268 claudendo.
1245 4195 1357 4265 Simile
1369 4196 1449 4288 quid
1467 4198 1589 4265 notavit
1612 4196 1645 4264 in
1660 4196 1750 4265 'rbere
1761 4200 1929 4285 produdlo

401 4328 446 4377 ex
471 4301 668 4375 Antimonio
690 4220 726 4368 ἄ
747 4291 850 4365 affuso
869 4290 1001 4381 spiriru.
1015 4288 1105 4362 Nitri
1133 4289 1223 4361 Rev.¹
1242 4288 1389 4382 Halesrus
1412 4292 1511 4386 (r);
1537 4295 1570 4363 in
1598 4289 1709 4373 nere,
1733 4296 1790 4386 qui
1814 4317 1929 4366 cumu-

403 4404 472 4476 lum
497 4417 672 4493 prunarum
697 4392 883 4463 ardentium
906 4390 940 4460 in
964 4406 1101 4460 vacuum
1123 4390 1284 4483 recipiens
1312 4391 1495 4498 transierat,
1518 4385 1766 4488 Dengunerius
1791 4391 1872 4493 (f).

479 4587 826 4667 (romacianensis.
848 4582 959 4663 Physic,
1104 4549 1106 4556 Ι
1339 4657 1343 4664 ,
1406 4659 1410 4666 ,

561 4670 679 4752 Journal
700 4669 752 4729 der
863 4680 898 4725 nt
916 4666 970 4731 Aa.
986 4673 1071 4730 16⁷6.
1090 4682 1157 4745 pag.
1172 4680 1223 4746 45.

478 4674 540 4832 gb
556 4746 717 4824 Vegetable
737 4747 798 4809 Stet
812 4749 845 4805 ks
857 4744 941 4821 ¹Erp-
959 4749 1006 4819 83·
1029 4745 1235 4813 Hainastrtilta
1257 4747 1332 4834 dpp.
1353 4748 1430 4831 Exp.
1443 4762 1475 4817 a,

474 4826 745 4986 βξξὶᾍῗῐξιέε
764 4827 1026 4970 {lbritebngvbisb
1074 4874 1091 4967 ¹a
1134 4905 1174 4973 ’σι
1223 4870 1260 4906 ¹¹*
1344 4950 1347 4954 .
1400 4929 1437 4956 ··
1650 4863 1654 4872 Ι

476 4932 534 5073 ὁ)
549 4986 673 5072 Journal
692 4922 884 5068 derpbcrraoa
904 4986 958 5050 Δο.
974 4924 1149 5067 ;,i,}',‘,'3,
1166 4926 1234 5054 ab&
1251 4997 1324 5144 'Nn
1345 5049 1441 5141 nn'
1480 5009 1486 5062 ,ς
1525 4946 1537 5064 ι’
1746 5039 1750 5048 ,
1790 5016 1824 5052 Ι.

1422 5086 1448 5143 n
