4992 6767
615 709 738 804 Μ’
784 699 1689 826 milandars-aquarn.
1834 743 1944 831 ¹037

413 941 467 1000 2⁰·
499 915 668 1010 Apaucia
698 925 827 982 tantum
850 905 1122 980 Obsetmmribun
1151 905 1271 994 simul,
1304 903 1378 981 raro
1409 910 1451 981 ad
1476 910 1678 984 intervallum
1715 909 1855 984 duonum
1889 913 1943 990 vel

413 1024 510 1095 trium
534 1012 717 1088 milliarium
737 1006 933 1100 spedantur.
960 1022 1011 1099 3⁰.
1046 1001 1259 1095 Rumpuntur
1285 1007 1411 1079 obortis
1437 1011 1552 1082 ventis.
1579 1033 1630 1101 40.
1665 1008 1749 1083 Non
1778 1012 1942 1108 colligun-

415 1141 489 1203 tur,
512 1114 571 1188 nist
596 1107 819 1193 nausiante,
843 1100 880 1176 dt
899 1105 1009 1201 pigro.
1034 1115 1088 1195 5⁰.
1113 1101 1295 1195 Nunquam
1317 1106 1405 1176 coelo
1429 1127 1585 1198 apparent
1603 1108 1700 1204 plane
1719 1097 1862 1194 lemno,
1888 1109 1942 1181 sed

413 1238 483 1292 rara
504 1210 625 1287 nebula
645 1203 805 1278 obdniio.
830 1203 883 1289 6,
908 1201 1042 1275 Nebula
1066 1200 1170 1271 haca
1200 1221 1300 1272 vento
1328 1203 1505 1294 propulsa,
1537 1207 1579 1276 ab
1601 1227 1639 1276 ea
1664 1225 1758 1298 parte
1785 1229 1943 1299 rumpun-

412 1336 478 1389 tur.
503 1332 556 1407 7⁰.
582 1307 657 1380 lmo
676 1321 915 1393 nonnunquam
931 1321 1057 1398 corona
1072 1317 1190 1392 parum
1209 1318 1229 1369 a
1249 1298 1438 1390 Spectatore
1452 1303 1562 1385 abesl,
1588 1307 1632 1374 uti
1652 1304 1708 1376 Cl.
1726 1302 1941 1379 Griscboviua

417 1411 597 1486 observavit
623 1405 726 1476 Anno
747 1417 853 1496 ¹75⁰·
904 1396 973 1470 Die
996 1395 1168 1492 plenilunii
1187 1396 1278 1468 coelo
1298 1398 1443 1488 undique
1469 1397 1608 1485 sereno,
1640 1402 1698 1471 nist
1717 1401 1809 1493 quod
1836 1423 1942 1496 prope

418 1510 522 1584 solum
544 1502 665 1579 nebula
684 1495 763 1572 esset
785 1494 984 1582 tenuissima,
1009 1493 1115 1567 Lunae
1134 1493 1257 1565 limbus
1282 1493 1416 1566 inferior
1439 1495 1613 1594 stringebat
1642 1499 1720 1568 tedii
1742 1519 1866 1592 partem
1893 1501 1944 1571 su·

417 1627 564 1703 premam
589 1595 953 1689 domust'spedbabatur
975 1613 1102 1666 corona
1122 1592 1243 1684 pallida
1270 1596 1356 1665 circa
1378 1590 1531 1683 Lunam,
1554 1613 1628 1684 qua
1651 1614 1721 1665 erat
1750 1617 1793 1667 tn
1817 1599 1945 1669 circiter

418 1705 598 1803 graduum
624 1719 698 1792 pars
713 1691 840 1768 semislia
861 1691 1006 1784 superior
1025 1690 1120 1782 supra
1143 1691 1264 1761 tedium
1293 1691 1400 1762 tnulto
1426 1691 1544 1762 clarior
1573 1689 1718 1763 inferiori
1748 1692 1946 1783 apparebat,

418 1805 492 1874 bac
514 1821 583 1873 erat
608 1795 690 1870 insta
712 1795 858 1884 tedium,
883 1785 919 1861 dt
941 1791 1025 1861 muri
1045 1806 1171 1880 partem
1199 1789 1401 1879 supremam:
1427 1788 1606 1879 spediatore
1629 1789 1672 1859 ad
1697 1788 1834 1860 donnum
1855 1809 1949 1859 acce·

417 1902 520 1972 dente
544 1895 751 1970 minuebatur
773 1909 915 1976 cotona,
940 1886 994 1957 sed
1016 1884 1135 1957 clarius
1159 1887 1302 1971 nitebat,
1329 1886 1416 1957 unde
1438 1885 1517 1955 colli
1542 1889 1656 1958 ebatur
1678 1907 1813 1959 coronae
1830 1884 1949 1960 dilian-

421 2003 465 2069 tia
487 1996 554 2068 sere
582 1997 628 2068 80
652 1991 775 2085 pedum
797 2009 817 2060 a
840 1987 1049 2080 Sptdatore:
1074 2004 1151 2056 cnm
1174 1984 1295 2056 nebuld
1316 2003 1489 2056 meteotnn
1513 1908 1606 2054 &mul
1628 1986 1771 2058 evanub.

494 2103 791 2183 .MNlCCCCL.
831 2105 915 2176 Arte
944 2123 1104 2176 coronam
1134 2103 1328 2197 imitamur,
1361 2126 1438 2176 cum
1469 2124 1618 2198 tempore
1646 2101 1766 2204 frigido
1787 2122 1946 2195 vaporem

419 2212 535 2286 onlidae
551 2228 645 2299 aqnae
669 2206 754 2277 inter
775 2202 973 2283 candelam,
1000 2195 1036 2268 dt
1060 2196 1193 2268 oculum
1216 2199 1260 2268 ad
1274 2199 1461 2272 adscensum
1484 2223 1527 2272 co
1552 2205 1655 2287 'mus3
1680 2202 1758 2274 hinc
1774 2204 1809 2273 in
1823 2197 1949 2273 balneis

420 2313 505 2382 circa
519 2304 686 2375 lucernam
700 2300 823 2388 adspici
835 2295 933 2366 solet:
959 2291 1142 2364 siseneslrae
1159 2295 1266 2366 vitreae
1285 2300 1374 2367 tenui
1389 2297 1491 2369 halitu
1528 2303 1631 2372 uerint
1653 2300 1826 2383 obdunae,
1850 2317 1948 2390 atque

420 2407 562 2480 lucemae
579 2398 709 2469 flamma
732 2393 860 2482 aliquot
876 2389 1018 2483 pedibus
1032 2389 1197 2476 distiterit,
1224 2394 1399 2483 Spectator
1409 2399 1507 2465 etiam
1524 2399 1557 2467 in
1572 2395 1720 2468 distantia
1742 2397 1869 2488 aliquot
1889 2415 1951 2488 pc·

421 2506 502 2575 dum
521 2498 564 2568 ab
589 2494 689 2566 altera
710 2487 856 2560 fenestra
878 2507 971 2581 parte
993 2487 1133 2559 lucerne
1151 2487 1319 2562 flammam
1348 2491 1389 2560 ab
1413 2490 1490 2564 balo
1520 2496 1609 2590 cingi
1639 2493 1789 2564 colorato
1816 2491 1949 2566 videbit

422 2603 458 2673 Si
479 2600 515 2669 in
536 2593 697 2683 recipiens
721 2589 879 2673 vitreum,
907 2580 1093 2658 &vacuum
1107 2585 1348 2662 readmittamus
1363 2591 1493 2676 aerem,
1520 2589 1603 2662 ultra
1620 2593 1778 2682 recipiens
1795 2589 1856 2662 stet
1873 2609 1950 2662 can·

424 2695 517 2780 dela;
542 2688 675 2763 simulac
696 2685 774 2770 ait,
797 2685 853 2777 qui
880 2682 1007 2776 semper
1031 2683 1078 2753 est
1095 2683 1229 2775 stipatus
1244 2685 1413 2757 nonnullis
1429 2689 1626 2778 vaporibus,
1650 2687 1692 2758 ad
1713 2686 1856 2780 aliquem
1870 2686 1952 2759 den·

424 2794 522 2866 fitatis
549 2784 686 2885 gradum
714 2784 926 2876 pervenerit,
967 2778 1045 2850 halo
1075 2782 1161 2850 circa
1188 2781 1354 2852 dammam
1385 2803 1462 2851 cum
1484 2784 1614 2852 dietus
1635 2783 1803 2854 coloribus
1824 2784 1951 2856 videtur

428 2889 525 2984 (a).
548 2889 651 2958 Anno
673 2880 779 2976 1756.
803 2876 984 2950 Decembri
1005 2875 1152 2949 fnestra
1172 2880 1239 2947 mei
1259 2875 1403 2948 cubiculi
1427 2879 1561 2948 interior
1583 2876 1766 2972 superficies
1781 2881 1872 2948 tenui
1885 2875 1955 2974 gld-

426 2992 478 3062 cie
498 2983 640 3058 obdueta
661 2997 747 3062 etat,
773 2998 834 3068 per
856 2995 976 3067 quam,
998 2974 1077 3045 dum
1101 2976 1231 3044 intueor
1252 2973 1399 3056 Lunam,
1424 2972 1535 3065 amplo
1562 2971 1733 3054 halotum
1749 2975 1843 3045 variis
1861 2973 1957 3046 coln·

427 3088 517 3160 ribus
539 3081 645 3154 clodia
665 3074 760 3147 Luna
782 3075 960 3166 apparuit;
993 3089 1103 3163 aperta
1132 3069 1269 3142 fenestra
1297 3069 1389 3142 nullo
1419 3069 1496 3143 halo
1526 3071 1729 3149 ambiebatur
1758 3068 1876 3163 Luna,
1899 3068 1957 3143 scd

427 3205 488 3278 per
511 3180 649 3279 glaciem
669 3193 803 3246 tenuem
825 3167 1036 3243 fenestratum
1058 3166 1271 3261 spectabatur.

500 3364 508 3381 .
534 3295 817 3380 MMCCCCLI.
848 3293 955 3367 Causa
977 3297 987 3365 i
1012 3295 1074 3366 itur
1095 3291 1208 3365 harum
1231 3315 1427 3378 coronatum
1452 3298 1485 3370 in
1507 3296 1633 3380 sublimi
1649 3296 1728 3370 a'e'te
1743 3296 1806 3368 erit
1822 3293 1953 3381 nmilia,

426 3433 466 3485 ac
491 3413 525 3481 in
547 3400 768 3476 artificialibus
791 3395 924 3466 coronis
946 3317 1161 3478 obduratum
1195 3391 1349 3483 adeoque
1378 3393 1527 3466 confidet
1554 3397 1586 3468 in
1612 3391 1798 3468 tenuiffimis
1825 3398 1955 3486 vaporis

429 3503 621 3602 particulis,
652 3515 727 3585 qua
753 3512 817 3561 una
840 3497 919 3584 cum
939 3487 1011 3557 aliis
1036 3491 1071 3557 in
1094 3509 1218 3559 certum
1244 3492 1400 3576 raritatis,
1431 3513 1488 3563 aut
1504 3491 1665 3566 densitatis
1680 3489 1817 3590 gradum
1834 3512 1954 3583 perve·

429 3615 568 3678 nerunt,
591 3613 653 3683 per
675 3607 756 3678 quas
778 3582 859 3655 radii
883 3578 984 3652 Lucis
1005 3603 1025 3652 e
1045 3583 1195 3656 luminari
1212 3583 1312 3657 emidi
1335 3607 1555 3673 transeuntes,
1581 3585 1879 3672 srverefranione,
1901 3586 1956 3660 vel

431 3694 615 3791 repulsione
635 3708 654 3757 a
677 3683 709 3755 se
732 3681 918 3773 separantur
943 3681 976 3750 in
1002 3677 1145 3752 radiolos
1166 3679 1359 3767 coloratos,
1391 3683 1668 3777 quemadmodum
1699 3679 1774 3754 Lux
1805 3681 1957 3755 mnne·

432 3791 577 3873 lamellas
600 3799 799 3875 corporum,
823 3776 886 3848 five
899 3775 1089 3878 sinuatum,
1114 3776 1177 3848 five
1191 3776 1368 3852 fluidomm
1387 3802 1521 3863 tenues,
1548 3781 1611 3852 sive
1624 3779 1714 3874 juxta
1730 3781 1819 3851 acies
1834 3775 1959 3864 cultro·

433 3915 528 3980 rum,
554 3880 737 3957 incoloret
758 3875 939 3968 separanttt
964 3891 1027 3944 nec
1048 3873 1174 3945 necesse
1198 3875 1268 3961 esl,
1294 3897 1330 3947 ut
1355 3899 1491 3970 vapores
1516 3878 1562 3949 illi
1585 3880 1732 3950 concreti
1761 3877 1821 3949 fint
1838 3879 1872 3948 in
1890 3875 1961 3974 gla-

433 3999 547 4073 ciem,
577 4001 654 4055 cum
678 3996 779 4067 vapor
803 3970 910 4043 aestate
933 3969 1084 4043 fenestras
1107 3973 1268 4069 obtegens
1289 3975 1539 4064 phoenomenon
1573 3975 1749 4063 exhibeat,
1781 3971 1880 4047 ut&
1903 3973 1961 4047 adt

433 4087 591 4180 recipient
615 4071 869 4166 adimplentens:
893 4067 1044 4159 adeoque
1068 4071 1217 4162 quadam
1241 4076 1371 4162 vaporis
1393 4074 1531 4144 densitas
1539 4083 1554 4158 ',
1576 4094 1630 4143 aut
1654 4073 1853 4144 lamellatum
1873 4091 1961 4158 ctas·
2114 4061 2119 4072 '

434 4190 519 4260 sities
539 4178 639 4253 efficit
654 4221 677 4262 ,Α
699 4190 738 4245 ut
760 4169 861 4242 luxe
889 4165 1039 4237 luminari
1070 4166 1209 4250 emissa,
1240 4163 1277 4236 δι
1307 4168 1503 4240 exillislimoa
1536 4172 1666 4261 vaporis
1697 4167 1853 4265 globulos
1884 4183 1960 4262 per.

433 4302 566 4362 means,
589 4287 785 4347 antennam
804 4263 993 4347 interstitia,
1017 4265 1051 4334 in
1074 4261 1217 4334 radiolos
1233 4264 1398 4337 coloratos
1413 4264 1720 4358 separatienem
1749 4265 1959 4354 denfitatetn,

434 4381 472 4457 ὰ
501 4379 642 4472 portion
668 4385 828 4462 vaporem
855 4361 1121 4435 constintentiurn
1153 4360 1408 4458 magnitudinem
1437 4361 1754 4439 definire'nondum
1779 4363 1957 4460 possumub.

486 4497 552 4569 Sed
572 4516 670 4587 qnare
697 4492 839 4566 circulus
860 4488 1019 4565 rotundus
1042 4510 1216 4583 appareat,
1243 4492 1301 4584 qui
1326 4489 1372 4563 est
1398 4489 1543 4586 ejusdem
1574 4493 1721 4582 coloris,
1747 4471 1828 4568 'hoc
1852 4489 2105 4579 modoinum

435 4595 626 4690 explicatur.
675 4589 725 4663 Sit
748 4591 771 4664 S
796 4589 974 4677 luminare,
1001 4585 1036 4661 δι
1062 4585 1138 4661 VV
1161 4588 1281 4661 nebula
1299 4594 1423 4677 tenuis,
1439 4588 1472 4664 bt
1490 4591 1669 4665 necessaria·
1687 4616 1749 4685 pto
1765 4574 2022 4687 phemone-³¹¹·
2038 4576 2072 4630 ⁴⁰·

438 4718 484 4772 no
506 4693 662 4781 raritatis,
685 4688 808 4763 oculus
822 4687 1019 4782 Spedatons
1034 4683 1100 4777 .0,
1125 4706 1168 4761 ex
1183 4686 1334 4761 luminari
1348 4692 1539 4765 emittuntur
1553 4690 1632 4766 radii
1647 4691 1812 4790 paralleli,
1830 4687 1866 4763 dt
1884 4712 1960 4782 per·

1400 4803 1404 4808 ·
1843 4784 1960 4881 pendi·

510 4935 686 5104 ιιι-ιιι
704 4923 1240 5165 naisitanam
1261 4984 1289 5064 ί·
1303 4999 1355 5065 aa

1218 5114 1240 5188 ι
1265 5113 1318 5191 ιι
1341 5112 1393 5189 ιι
1418 5113 1441 5165 2
