4992 6767
535 689 618 791 nn
651 675 1013 781 carnotinus
1046 681 1262 781 nucnru
1295 684 1655 782 erasurum.
1777 672 1862 807 ‘095

329 907 419 982 venit
441 919 516 974 curn
535 900 627 993 igne:
653 914 762 967 tamen
787 891 898 964 iumen
920 889 1057 964 celerius
1079 892 1155 988 igne
1175 913 1217 963 ert
1242 894 1438 983 corporibus
1462 892 1625 988 egreditur
1645 938 1658 975 ,
1682 911 1758 961 cum
1783 890 1856 964 brec

331 1023 454 1077 uutmn
478 998 598 1087 septem
619 995 678 1066 uei
694 995 775 1063 osio
793 993 926 1065 minutia
946 987 1093 1094 sectmdis
1111 991 1223 1069 iumen
1236 989 1439 1083 custodiant,
1463 992 1576 1088 ignem·
1591 1008 1670 1062 reto
1685 1007 1856 1081 receptum

333 1099 436 1175 multo
460 1095 581 1166 diutius
601 1090 737 1164 testante
759 1089 880 1161 calore.

379 1227 412 1330 ς.
435 1225 615 1300 MDCCI.
641 1226 679 1299 In
710 1221 877 1296 nonnullis
898 1223 1123 1314 corporibus,
1154 1223 1274 1296 etiamst
1300 1245 1404 1295 vacuo
1431 1223 1558 1299 inelufis
1583 1224 1692 1297 lumen
1717 1220 1858 1313 perstet:

333 1324 606 1501 ¹atpieminOblt.lttnp)eitcie
632 1321 833 1399 Bononiensi
862 1340 1014 1415 expertus
1037 1320 1098 1392 fuit
1131 1320 1306 1412 Lemmery
1332 1322 1425 1417 (a).
1459 1325 1493 1395 in
1519 1321 1720 1416 Phosphoro
1744 1318 1858 1391 Utinae

388 1551 420 1650 §.
454 1547 643 1622 muccis.
675 1545 805 1619 Lumen
832 1544 924 1638 quod
947 1568 1087 1638 corpora
1113 1547 1299 1629 naturalia,
1334 1547 1422 1618 nulia
1446 1565 1512 1617 arte
1537 1564 1740 1636 praeparata,
1765 1545 1859 1617 bibe·

337 1671 432 1736 runt,
456 1649 649 1742 plerumque
671 1647 713 1716 ad
737 1646 912 1716 candorem
938 1649 1060 1740 vergit,
1087 1666 1142 1715 aut
1168 1644 1269 1714 diluta
1296 1643 1455 1716 flavedine
1481 1643 1526 1713 est
1545 1639 1706 1713 suffusum.
1757 1639 1863 1738 Quod

337 1769 444 1820 autem
471 1747 626 1836 recipitur
650 1766 669 1814 a
691 1743 884 1834 corporibus
902 1762 971 1813 arte
995 1746 1153 1830 uastatis,
1179 1740 1260 1813 solet
1282 1739 1346 1813 esse
1370 1741 1482 1815 lumen
1507 1739 1663 1828 vividius,
1688 1741 1867 1813 rubescens
1928 1794 1933 1807 .

337 1866 373 1918 ut
393 1845 590 1939 plurimum,
614 1840 789 1934 aliquando
810 1837 951 1912 fuscum.

395 1968 426 2066 §.
458 1969 666 2042 MDCClii.
700 1968 851 2060 Corpora
881 1968 1000 2059 quibus
1025 1968 1160 2039 facultas
1190 1967 1297 2037 lucem
1327 1965 1506 2037 imbibendi
1540 1962 1576 2036 δι
1611 1962 1770 2035 retinendi
1794 1961 1864 2047 est,

339 2070 497 2141 diuturnis
518 2068 729 2164 ignitionibus
749 2066 866 2138 eidem
890 2069 966 2136 exui
987 2066 1147 2157 possunt,
1178 2066 1278 2138 veluti
1311 2064 1357 2135 est
1390 2065 1594 2139 obseruatum
1619 2064 1653 2133 in
1678 2058 1865 2150 Crystaliis,

339 2164 542 2248 Eme'raldis,
565 2162 693 2255 Lepide
716 2162 915 2255 Phosphoro
938 2161 1104 2234 Renrenfi.

386 2289 420 2380 S.
444 2285 653 2358 MDCCIV.
679 2286 832 2376 Corpora
847 2307 923 2375 quae
941 2286 1139 2375 aliquamdiu
1157 2290 1189 2354 in
1206 2288 1282 2378 igne
1299 2285 1380 2354 tosta
1404 2282 1587 2353 facultatem
1613 2287 1646 2353 in
1663 2283 1803 2354 tenebris
1817 2288 1869 2354 ni·

342 2387 430 2459 tendi
453 2385 709 2475 acquisiverunt,
734 2382 808 2471 post
830 2383 1032 2471 aliquantum
1059 2385 1216 2471 temporis
1241 2402 1313 2452 eam
1338 2379 1498 2471 perdunt,
1524 2399 1623 2471 atque
1647 2380 1680 2449 in
1703 2381 1868 2471 pristinam

342 2483 570 2555 obscuritatem
593 2477 809 2562 relabuntut3
835 2476 896 2546 alia
914 2476 984 2547 aliis
1004 2499 1123 2567 ocyus:
1150 2477 1237 2549 Nam
1263 2482 1297 2549 in
1324 2478 1536 2569 Colophonio
1561 2480 1654 2552 durat
1679 2475 1790 2547 multis
1812 2498 1870 2550 an·

344 2583 427 2661 nis,
451 2580 484 2645 in
507 2572 645 2642 Gummi
668 2574 812 2642 Arabico
837 2575 890 2643 uix
913 2572 999 2642 ultra
1019 2575 1071 2643 sex
1096 2575 1180 2644 dies:
1208 2580 1240 2645 in
1266 2598 1350 2666 panc
1375 2579 1428 2644 vix
1453 2580 1552 2646 unico
1578 2576 1655 2645 die:
1688 2574 1795 2668 potest
1822 2597 1868 2646 ta·

346 2694 424 2745 tuen
449 2666 931 2753 novacalefasiione,etiams1
956 2690 1023 2739 non
1047 2670 1134 2754 sola,
1168 2669 1222 2739 sed
1247 2671 1450 2760 imponendo
1475 2673 1588 2742 lumini
1614 2673 1733 2743 diurno
1758 2676 1792 2743 in
1817 2672 1869 2743 hie

347 2767 542 2859 corporibus
563 2763 700 2836 facultas
724 2764 916 2856 Phosphoro
940 2764 1127 2837 instaurari:
1160 2766 1249 2838 Nam
1273 2768 1295 2836 fi
1320 2768 1426 2837 calces
1450 2768 1675 2857 Spathorum,
1708 2767 1873 2857 Lepidum

347 2864 601 2955 Specuiarium‚
632 2860 845 2951 Phosphorus
869 2861 1048 2932 Baiduinus
1073 2864 1175 2954 spatio
1198 2864 1335 2934 duarum
1357 2864 1408 2934 vei
1434 2867 1529 2934 trium
1557 2864 1815 2953 Septimanorum
1840 2866 1875 2936 in

347 2959 489 3031 tenebris
509 2955 692 3048 jacuerint,
716 2978 785 3027 non
811 2958 951 3047 amplius
974 2960 1108 3043 nitent,
1134 2959 1156 3028 fi
1183 2958 1274 3049 supra
1300 2960 1435 3031 calidam
1460 2960 1627 3031 fornacem
1653 2980 1816 3050 ponantur
1840 2963 1877 3042 itp

346 3056 510 3136 tenebris,
535 3055 631 3123 etiarn
652 3074 720 3124 non
745 3073 938 3145 recuperant
953 3053 1091 3125 sucendi
1115 3054 1324 3127 facultatem:
1350 3054 1403 3125 sed
1429 3059 1531 3127 tribus
1555 3076 1735 3147 quatuorve
1760 3056 1876 3127 diebus

345 3154 460 3226 lumini
484 3149 569 3221 Solis
591 3170 818 3242 exponantur,
845 3146 880 3221 bt
904 3171 972 3220 tum
995 3172 1159 3241 ponantur
1183 3152 1275 3243 supra
1297 3152 1457 3223 calentem
1483 3152 1672 3237 fornacem,
1698 3152 1809 3223 denuo
1825 3152 1875 3222 lu·

347 3254 481 3323 cebunt.
528 3248 583 3320 An
607 3250 705 3357 igitur
724 3268 864 3340 corpora
889 3246 1000 3318 lumen
1016 3248 1206 3340 expellunt?
1231 3270 1287 3321 aut
1308 3272 1350 3321 an
1365 3247 1475 3320 lumen
1492 3249 1606 3340 sponte
1623 3249 1750 3334 avolat,
1776 3251 1876 3322 etiam

349 3348 564 3440 aequiiibrium
587 3344 762 3415 ahetians‘?
799 3365 854 3415 aut
873 3367 916 3416 an
937 3344 1056 3415 humor
1079 3349 1112 3417 in
1139 3350 1213 3417 aire
1238 3369 1350 3419 natans
1374 3346 1485 3417 lumen
1507 3347 1653 3426 suffocat,
1668 3349 1701 3417 in
1726 3348 1876 3437 corpori·

350 3448 410 3517 bus
437 3467 511 3535 quae
535 3441 741 3536 ingreditur?
775 3438 810 3511 δι
839 3464 880 3511 an
905 3440 980 3511 idco
1004 3442 1144 3513 humore
1167 3444 1302 3533 expulso
1327 3446 1439 3513 lumen
1465 3443 1570 3515 rursus
1594 3447 1728 3534 potari,
1762 3440 1876 3517 &ca-

350 3544 419 3613 lore
440 3542 553 3634 agitari
573 3536 700 3627 potest,
726 3558 795 3626 quo
821 3537 859 3606 fit
881 3557 918 3606 ut
942 3559 1082 3628 corpora
1106 3539 1216 3609 denuo
1241 3544 1373 3609 niteant.

401 3664 433 3761 p.
460 3659 736 3756 broccum>
759 3680 859 3749 quam
880 3658 1005 3728 causam
1029 3662 1186 3732 normulis
1208 3683 1349 3751 corpora
1373 3661 1489 3732 lumini
1515 3663 1664 3746 diumo‚
1690 3662 1801 3751 Solis,
1825 3664 1878 3738 so·
1929 3654 1931 3658 ’

352 3767 425 3835 ciue
454 3759 564 3830 ustotii
586 3758 749 3848 exposta,
773 3758 808 3855 in
825 3756 965 3828 tenebris
982 3778 1049 3828 non
1072 3761 1196 3842 nitent,
1221 3780 1296 3829 cum
1322 3778 1428 3829 tamen
1454 3763 1530 3854 igne
1548 3761 1651 3832 imbui
1670 3761 1803 3851 possunt
1820 3783 1879 3833 co·

352 3859 471 3953 pioso,
496 3878 514 3924 a
537 3876 604 3944 quo
627 3853 755 3924 tandem
778 3852 818 3921 ad
846 3854 984 3922 nitorem
1006 3852 1224 3949 rediguntur?
1259 3854 1396 3926 Videtur
1420 3853 1486 3925 hoc
1510 3855 1655 3948 pendere
1679 3880 1697 3928 a
1722 3860 1879 3952 peculiari

351 3958 491 4049 partium
517 3951 638 4020 sabrica
659 3950 805 4021 nondum
829 3951 980 4044 cognita,
1006 3971 1071 4041 qua
1093 3951 1207 4023 lumini
1232 3953 1405 4035 resistunt,
1431 3954 1500 4046 igni
1525 3953 1665 4023 resistere
1689 3976 1878 4047 nequeunt:

352 4052 402 4124 vel
428 4051 537 4119 iumen
557 4045 731 4133 suffocant,
756 4066 811 4116 aut
838 4046 1024 4118 inordinato
1049 4068 1144 4119 motu
1170 4048 1362 4139 expellunt,
1388 4068 1444 4118 aut
1458 4049 1549 4138 quod
1563 4054 1651 4140 prius
1666 4051 1786 4125 humor
1800 4057 1878 4151 igne

353 4146 564 4240 expellendus
589 4145 645 4231 iit,
672 4163 708 4215 ut
730 4144 837 4216 lucem
862 4162 998 4234 potent,
1025 4144 1211 4234 expellant,
1238 4147 1372 4215 niteant.

402 4278 433 4378 5.
460 4276 668 4350 hiDCCVI.
693 4278 758 4349 Sed
777 4301 818 4348 an
843 4299 985 4370 corpora
1004 4280 1046 4351 de
1073 4282 1193 4373 quibus
1217 4283 1389 4374 hucusque
1413 4284 1496 4379 egi,
1520 4279 1555 4353 bt
1581 4303 1655 4376 quae
1679 4287 1714 4357 in
1739 4286 1881 4362 tenebris
2000 4359 2002 4363 ,

356 4381 486 4467 nitent,
519 4375 628 4447 lumen
652 4377 784 4467 quidem
808 4377 1004 4447 imbibunt?
1037 4400 1079 4450 an
1104 4401 1173 4450 non
1197 4383 1302 4451 nitent
1326 4384 1460 4472 proprio
1485 4378 1520 4452 bt
1545 4383 1680 4455 naturali
1705 4385 1762 4457 sibi
1787 4384 1882 4458 lanu

356 4498 418 4559 ne,
445 4471 535 4563 quod
561 4475 705 4562 quietum
728 4495 797 4544 nou
822 4475 923 4558 nitet,
949 4473 1003 4544 sed
1030 4496 1153 4549 tanturn
1177 4501 1196 4548 a
1221 4479 1344 4550 iutuine
1369 4478 1455 4549 Solis
1480 4481 1637 4575 agitatur,
1663 4481 1748 4556 adeo
1772 4503 1810 4555 ut
1825 4503 1881 4557 ex·

353 4574 490 4643 citatum
515 4571 616 4638 nitere
642 4570 799 4660 incipiat?
849 4568 937 4641 Huic
963 4570 1126 4646 sententia
1156 4573 1262 4647 favere
1292 4575 1443 4647 videntur
1467 4581 1685 4667 experimenta
1708 4582 1753 4655 tiu
1778 4579 1883 4672 Fayi,

353 4669 414 4762 qui
429 4666 536 4735 lucem
552 4665 655 4754 Solis,
677 4669 829 4759 prismate
844 4667 1016 4760 separatam
1032 4675 1067 4744 in
1085 4671 1195 4751 radios
1217 4672 1404 4764 coloratos,
1430 4673 1546 4752 direxit
1568 4680 1603 4754 in
1625 4674 1787 4774 Lapidem
1812 4681 1881 4753 Bn-

1819 4797 1884 4856 no!

428 4967 489 5048 (a)
508 4964 629 5045 Journal
645 4969 696 5033 ita
710 4969 835 5051 spatam
850 4976 902 5044 Aa
919 4985 1006 5055 1690·
1025 4992 1094 5061 με·
1110 4990 1184 5062 Μὰ
