4992 6767
642 685 879 780 srva
963 683 1578 786 unvauats.
1767 719 1877 809 Μ,

350 907 441 977 tant,
466 885 524 960 alli
548 885 619 960 vela
642 891 807 962 contracta
830 887 918 973 fiat,
953 887 1043 982 quod
1069 907 1174 964 nautae
1197 889 1241 960 ibi
1272 886 1423 961 locorum
1454 888 1623 961 observare
1649 887 1769 965 solent:
1794 895 1876 969 Pro·

349 990 441 1063 cella
468 1005 576 1056 autem
601 985 652 1059 ha
682 1005 806 1059 tantum
835 989 869 1059 ln
894 1007 986 1078 parte
1017 987 1165 1059 orienttdi
1193 985 1321 1058 Oceani
1344 988 1503 1059 Atlantici
1531 985 1625 1075 sunt3
1660 994 1875 1079 quamobrem

350 1088 566 1179 suspicamur,
591 1105 645 1156 eas
667 1107 706 1156 ex
731 1086 808 1157 loco
834 1085 1049 1157 lllalaciatum
1074 1084 1284 1178 provenisse,
1317 1106 1414 1176 quem
1439 1084 1573 1157 sollicite
1598 1108 1703 1159 nautae
1734 1091 1874 1177 evitant,

350 1183 428 1257 ideo
451 1184 588 1275 propius
608 1186 651 1254 ab
676 1183 827 1254 Anaetica
851 1203 1052 1275 aeqttatorcm
1079 1183 1285 1276 trajicientes.
1344 1182 1433 1253 Cum
1464 1203 1571 1255 autem
1597 1184 1654 1255 Sol
1678 1186 1815 1258 versatur
1841 1192 1876 1261 ita

350 1285 448 1377 signis
471 1279 678 1363 austmltbus,
704 1302 788 1371 aqua
813 1280 940 1353 Oceani
965 1281 1022 1351 sub
1054 1301 1219 1373 aquatore
1243 1282 1350 1351 minus
1373 1278 1525 1365 calescit,
1559 1277 1784 1374 &pauciores
1807 1284 1875 1356 sor·

347 1393 479 1452 mantue
500 1379 632 1461 nubes,
666 1379 743 1449 hinc
767 1379 945 1467 serenitas,
983 1378 1017 1448 dt
1042 1400 1146 1450 tutum
1171 1377 1227 1448 sub
1253 1396 1419 1469 aequatore
1442 1378 1633 1470 traiedlum:
1658 1401 1769 1452 verum
1796 1382 1875 1454 Sole

349 1477 495 1549 versante
521 1477 554 1545 in
583 1495 748 1567 aquatore
770 1498 826 1548 aut
849 1497 953 1567 prope
977 1498 1073 1559 eum,
1099 1475 1321 1566 copiosissimae
1343 1473 1567 1546 sonnabuntur
1589 1479 1713 1562 nubes,
1738 1500 1780 1550 ex
1801 1482 1877 1570 qui·

351 1575 414 1646 bus
441 1567 654 1661 compressis,
682 1571 716 1643 ἃ
742 1578 775 1645 in
802 1597 918 1670 gyrum
942 1578 1021 1644 attis
1046 1574 1127 1644 siunt
1141 1571 1305 1643 Turbines
1323 1575 1453 1665 Aquci,
1479 1575 1655 1664 dequibus
1678 1579 1732 1672 egi
1749 1579 1785 1648 in
1807 1576 1876 1648 Ca·

350 1674 420 1765 pite
439 1670 482 1741 de
507 1667 671 1741 Meteotis
695 1671 831 1762 Aqueis.
890 1671 1012 1740 Omnia
1038 1692 1078 1740 cx
1115 1672 1255 1760 inspecta
1284 1667 1411 1740 Tabula
1437 1668 1562 1741 LXIV.
1604 1674 1729 1762 optime
1754 1673 1874 1745 intelli-

349 1785 482 1866 guntur.
547 1766 701 1839 Primaria
729 1769 800 1842 haec
828 1768 926 1855 suut,
965 1790 1041 1860 quae
1080 1767 1242 1837 historiam
1271 1770 1358 1839 venti
1386 1766 1589 1855 Orientalis,
1621 1766 1656 1840 dc
1693 1770 1875 1843 universalis

350 1869 506 1959 speciant.
786 1880 796 1903 ·

401 1978 435 2067 §.
460 1973 678 2051 MMDLVI.
705 1962 810 2071 Hujus
832 1977 991 2075 generalis
1016 1977 1116 2051 Venti
1141 1977 1290 2069 primatia
1317 1975 1409 2045 causa
1430 1973 1487 2045 Sol
1513 1976 1580 2060 esl,
1605 1976 1696 2068 cujus
1712 1981 1875 2050 asiionem

350 2076 437 2147 clare
459 2079 702 2167 concipiemus,
729 2075 751 2145 fi
775 2081 882 2168 primo
906 2075 997 2148 illum
1030 2080 1063 2148 in
1089 2096 1254 2166 aequatote
1276 2072 1389 2145 uersati
1413 2072 1591 2166 fingamusa
1616 2093 1691 2143 cum
1713 2077 1801 2145 aesia
1817 2075 1876 2146 ali·

348 2177 403 2244 cui
427 2175 598 2262 aquatoris
621 2172 701 2243 loco
724 2174 901 2255 imminet,
941 2177 1050 2242 aetem
1083 2172 1151 2262 ejus
1182 2171 1247 2240 loci
1280 2169 1488 2240 vehementer
1514 2168 1681 2256 calefacit,
1706 2167 1872 2259 rarefacit,

347 2274 442 2358 eique
471 2266 609 2358 majores
633 2272 717 2338 vites
747 2268 901 2356 inspirat:
935 2267 1189 2358 quaquaversum
1221 2266 1298 2335 hinc
1322 2266 1378 2333 aet
1405 2265 1436 2333 sc
1459 2266 1638 2355 expandit,
1677 2269 1735 2355 qui
1768 2272 1801 2336 in
1829 2268 1876 2339 al·

348 2387 416 2437 tum
443 2364 643 2433 adscendens
669 2363 761 2454 supra
787 2363 942 2455 reliquam
969 2365 1212 2456 atmosphaeram
1238 2365 1377 2443 emittet,
1406 2359 1630 2432 &lateraliter
1653 2361 1785 2457 exlege
1861 2401 1875 2417 ·

343 2463 450 2535 vitatis
474 2458 605 2530 diffluit:
632 2460 708 2531 hinc
731 2461 859 2531 brevior
886 2465 1044 2534 continuo
1066 2463 1148 2534 satta
1173 2463 1227 2532 illa
1254 2462 1452 2542 dimanans,
1492 2457 1628 2544 calens,
1661 2457 1696 2528 ἃ
1721 2479 1791 2529 rare
1824 2463 1875 2531 sla

344 2558 521 2642 columna,
547 2559 666 2627 vitibus
691 2561 873 2629 minoribus
898 2560 1009 2630 resilit
1034 2563 1146 2633 vicinis
1165 2558 1360 2643 columnis,
1393 2578 1468 2649 qoae
1493 2576 1559 2626 tum
1586 2553 1639 2627 sua
1661 2553 1874 2628 densitate&

345 2656 514 2748 pondere,
541 2676 609 2725 tum
633 2654 855 2747 superpondio
881 2656 1088 2748 exsuperius
1117 2655 1268 2728 affluente
1296 2657 1392 2740 a‘e'tc,
1417 2656 1458 2725 ad
1479 2653 1626 2724 medium
1647 2654 1875 2746 calentemque

344 2755 457 2826 adrem
490 2752 742 2846 propcllcntura
777 2754 842 2824 huc
872 2775 1071 2827 concurrunt
1105 2776 1243 2845 vapores
1274 2753 1442 2833 calentes,
1475 2752 1642 2835 elesttlci,
1674 2749 1873 2837 &clastici,

346 2855 402 2938 qui
428 2873 469 2922 ert
492 2854 614 2922 marla
643 2851 721 2922 Sole
745 2851 953 2924 vehementer
978 2851 1134 2924 calefacto
1160 2851 1338 2921 admodum
1370 2848 1494 2937 copiosi
1519 2852 1554 2918 in
1591 2849 1703 2919 ae'rem
1738 2847 1871 2918 adscen-

344 2949 445 3035 dunt,
473 2968 614 3039 eumque
632 2948 688 3020 suo
709 2950 865 3032 cumulo,
881 2945 913 3019 dt
930 2950 1116 3022 elallicitate
1135 2954 1169 3021 in
1187 2947 1287 3020 altum
1303 2945 1512 3040 propellunt,
1537 2941 1788 3036 adscensumque
1801 2944 1874 3017 Ae·

343 3048 387 3117 ria
413 3050 580 3136 proprium
605 3045 767 3135 adjuvant.

395 3142 565 3239 Quantum
589 3138 833 3231 Annosphaera,
859 3140 927 3210 Soli
954 3148 1041 3211 recia
1065 3142 1260 3232 subiacens,
1292 3139 1402 3211 calore
1426 3137 1578 3209 rarefacta
1601 3138 1792 3228 adscendet,
1818 3162 1872 3212 ac·

343 3260 458 3311 curato
485 3238 616 3330 quidem
639 3235 766 3308 calculo
789 3238 995 3309 determinati
1023 3241 1164 3328 aequit,
1198 3234 1253 3305 sed
1275 3256 1316 3305 ex
1341 3235 1620 3307 observationibus
1652 3231 1871 3307 Thermome·

343 3341 431 3408 tricis
458 3341 540 3407 intra
563 3336 728 3427 Tropicos
756 3339 859 3427 captis
885 3336 1086 3407 concludere
1109 3336 1248 3419 licebit,
1285 3334 1473 3404 densatatem
1497 3333 1580 3402 absis
1603 3334 1753 3402 noemma
1774 3331 1870 3430 stigi-

344 3435 378 3504 di
405 3455 509 3525 prope
534 3433 638 3501 solum
664 3431 728 3499 else
755 3435 797 3500 ad
821 3454 892 3500 eam
916 3434 1025 3501 diurni
1049 3433 1194 3501 rarefacta
1215 3433 1263 3499 uti
1288 3451 1312 3520 9
1339 3432 1380 3501 ad
1408 3431 1443 3499 8.
1466 3428 1500 3500 si
1524 3428 1590 3499 hoc
1619 3429 1822 3520 aequabiliter
1832 3433 1870 3502 ln

343 3541 413 3599 tota
434 3528 646 3615 atmospbaera
668 3525 836 3592 altitudine
860 3526 1032 3608 obtineat,
1067 3545 1264 3616 quamquam
1292 3525 1359 3596 hoc
1388 3525 1569 3606 nescimus,
1602 3522 1638 3593 ἁ
1662 3525 1755 3616 hujus
1779 3525 1870 3624 frigi·

342 3625 395 3695 dae
417 3622 555 3692 altitudo
580 3622 616 3690 stt
642 3639 701 3711 45.
729 3617 920 3690 Milliatium
953 3621 1242 3707 britannicorum,
1278 3624 1338 3690 erit
1370 3619 1533 3692 calefaciat
1562 3618 1644 3689 ultra
1669 3640 1729 3712 50.
1754 3626 1870 3695 millia·

344 3725 447 3799 rium,
473 3717 623 3807 adeoque
645 3713 790 3786 excessus
815 3717 851 3787 sit
877 3737 898 3810 5
924 3718 1124 3789 milliarium:
1151 3738 1309 3811 quantum
1334 3719 1352 3789 a
1377 3738 1500 3809 vapore
1531 3715 1746 3787 adscendente
1769 3740 1867 3790 accu-

344 3818 486 3889 muletur
502 3814 734 3906 atmospbaera‚
757 3814 884 3885 calculo
906 3833 1058 3887 accurato
1076 3819 1171 3886 etiam
1189 3819 1303 3907 nequit
1319 3815 1540 3887 detennioari:
1567 3812 1621 3885 sed
1637 3816 1712 3906 quia
1737 3813 1868 3888 inBel·

345 3920 402 4014 gio
427 3914 533 3984 astate
561 3913 672 4004 pollex
698 3925 791 4002 aqaae
816 3914 850 3981 in
871 3931 1025 4004 vaporem
1053 3912 1157 4006 spatio
1186 3913 1252 3984 diei
1276 3911 1461 3998 adscendit,
1487 3910 1545 3984 sub
1569 3931 1735 4005 aquatore
1757 3907 1793 3985 dc
1817 3913 1866 3986 dl·

344 4017 432 4086 acite
458 4011 514 4081 sub
542 4009 620 4082 Sole
645 4010 713 4080 duo
738 4007 875 4099 pollices
905 4009 1038 4102 quidem
1073 4031 1237 4083 vertentur
1266 4014 1300 4082 in
1330 4031 1516 4102 vaporem:
1550 4031 1651 4102 vapor
1676 4011 1720 4081 ita
1755 4011 1866 4085 calens

344 4129 489 4198 occupet
511 4107 644 4200 spatium
671 4105 724 4177 sex
748 4105 866 4176 millies
888 4106 1016 4198 majus,
1050 4129 1118 4179 tum
1143 4111 1322 4201 occupabit
1341 4109 1480 4199 spatium
1508 4129 1600 4179 1000
1624 4108 1758 4198 pedum.
1790 4130 1866 4199 quae

345 4207 483 4278 altitudo
515 4206 676 4297 prioribus
702 4223 724 4298 5
751 4204 938 4275 milliaribus
962 4206 1110 4276 addenda
1141 4205 1206 4288 ella
1237 4205 1331 4298 posui
1353 4207 1432 4298 hic,
1452 4225 1609 4297 vaporem
1638 4204 1742 4273 modo
1768 4205 1865 4276 6000

338 4304 415 4398 plus
438 4302 598 4394 expandi,
624 4323 700 4373 cum
725 4305 781 4394 qui
807 4302 935 4375 calescit
958 4304 999 4374 ab
1022 4325 1105 4396 aqua
1128 4304 1306 4376 ebulliente
1329 4303 1530 4394 expandatur
1560 4323 1693 4392 14000:
1719 4299 1773 4371 sed
1794 4323 1863 4373 ma·

343 4421 379 4472 te
399 4401 440 4469 ad
464 4400 689 4470 ebullitionem
717 4421 736 4470 a
760 4397 840 4470 Sole
865 4421 935 4472 non
959 4402 1144 4485 reducitur,
1176 4402 1254 4473 ideo
1275 4423 1429 4494 vaporem
1458 4399 1563 4473 modo
1588 4400 1696 4470 6000.
1721 4395 1785 4470 esse
1813 4419 1864 4470 ra·

343 4496 497 4569 tefasium
525 4493 723 4587 posca-Aer
747 4495 801 4565 hic
825 4495 882 4564 sub
901 4493 1005 4565 somn
1027 4499 1160 4566 elevate
1181 4500 1301 4582 uadae,
1322 4499 1373 4567 vel
1395 4499 1516 4567 montis
1539 4498 1706 4580 eminens,
1730 4515 1794 4569 nec
1815 4489 1861 4568 sui

292 4587 297 4595 ’
341 4597 538 4679 continens,
563 4591 807 4683 quoquoversus
828 4587 971 4678 diffluit,
1004 4591 1201 4684 potissimum
1231 4596 1273 4666 ad
1302 4595 1385 4666 latus
1408 4614 1582 4686 utrumque
1611 4594 1709 4686 polos
1732 4591 1861 4681 versuta

342 4711 418 4766 nam
445 4692 480 4763 in
501 4690 580 4760 alias
606 4690 799 4762 daemones
820 4711 839 4761 a
861 4689 940 4761 Sole
962 4691 1161 4783 aliquantum
1183 4692 1331 4785 pellitur:
1357 4691 1479 4765 dissuat
1493 4696 1590 4790 igitur
1610 4713 1683 4785 pars
1704 4689 1862 4765 undasse·

342 4814 379 4862 rc
405 4787 537 4859 dimidiu
562 4788 603 4859 ad
628 4787 804 4873 Austrum,
830 4809 902 4881 pars
923 4790 1022 4860 altera
1048 4790 1090 4860 ad
1110 4787 1271 4878 Boream,
1295 4813 1496 4884 occupatura
1518 4791 1719 4864 altitudinem
1741 4814 1766 4862 a
1788 4785 1862 4860 mil·

341 4888 495 4969 limium,
528 4887 589 4956 etit
614 4886 766 4979 qualibet
796 4887 949 4959 columna
976 4887 1140 4975 lateralis,
1183 4891 1299 4963 mediae
1328 4891 1490 4963 calebtlae
1522 4891 1672 4974 adilane,
1700 4889 1859 4983 greum

342 5003 500 5082 quantun
522 4983 684 5078 ponderat
705 4985 761 5060 aet
784 4988 819 5061 in
840 4986 901 5060 bac
920 4985 1089 5062 ddmdine
1111 4988 1253 5066 duorum
1277 4989 1481 5067 milliarium
1512 4989 1665 5077 adeoque
1686 4983 1752 5052 hoc
1777 4995 1861 5068 pte·

1770 5092 1862 5169 P0¹¹⁸2
