4992 6767
665 713 1228 812 mantuanorum
1266 742 1322 808 ae
1349 717 1687 812 oenomaus.
1852 733 1940 850 743
2057 689 2069 710 '

393 925 499 1047 causa
519 943 555 995 ut
564 917 670 1117 (col)or
692 916 883 995 maestae:
915 935 992 989 cum
1019 914 1081 991 hac
1101 915 1256 993 Tintlura
1286 918 1344 997 Cl.
1370 917 1525 998 Nolletus
1550 921 1652 998 multa
1675 920 1814 996 instituit
1838 940 1940 1018 expe«⁴

407 1042 541 1102 nmenta
592 1041 615 1093 a
647 1067 658 1090 .

455 1153 487 1254 l.
511 1143 856 1227 MDCCCXLVll.
893 1142 962 1244 Qui
994 1144 1178 1241 huiusmodi
1204 1153 1379 1224 tentamina
1402 1151 1443 1224 de
1466 1153 1632 1226 coloribus
1660 1173 1855 1245 promovere
1878 1174 1940 1226 cu·
2079 1235 2082 1240 ,

404 1255 475 1347 pit,
498 1249 741 1348 Vegetabilium
766 1244 1008 1337 succosptaelo
1031 1249 1209 1336 exprimat,
1233 1267 1289 1319 aut
1311 1248 1434 1336 flores,
1460 1253 1605 1337 radices,
1629 1251 1681 1322 vel
1695 1250 1804 1348 ligna,
1830 1255 1862 1324 in
1878 1250 1938 1324 Vi·

405 1355 440 1426 ni
463 1352 605 1443 Spiritu,
630 1367 684 1419 aut
706 1346 803 1438 Aqua
826 1343 1001 1425 infundat,
1034 1344 1185 1438 digerat,
1219 1344 1271 1417 vel
1293 1368 1415 1439 coquat
1438 1349 1662 1440 aliquamdiu:
1697 1368 1765 1421 tum
1790 1352 1873 1442 parti
1898 1348 1936 1419 li·

395 1451 521 1541 ·quoris
545 1446 765 1538 cujuscunque
792 1441 932 1513 seorsum
955 1439 1099 1512 affundat
1122 1442 1176 1513 Sal
1199 1442 1363 1534 aliquod,
1394 1448 1563 1541 pergendo
1592 1469 1612 1516 a
1643 1445 1716 1517 Sale
1740 1448 1782 1518 ad
1804 1447 1935 1532 Salem,

401 1548 457 1616 uti
481 1545 525 1615 est
549 1542 601 1613 Sal
625 1541 813 1622 Marinum,
840 1538 894 1609 Sal
919 1537 1034 1629 Ipson,
1061 1537 1236 1625 Alumen,
1271 1541 1413 1613 Alumen
1438 1544 1570 1628 ullum,
1601 1544 1733 1630 Borax,
1756 1542 1937 1616 Vitriolum

396 1640 551 1738 illatus,
579 1640 740 1713 Colcotar
761 1635 914 1721 Vitrioli,
940 1633 1116 1706 Vitriolum
1142 1636 1267 1728 Cypri,
1296 1637 1457 1732 Ninum,
1483 1640 1536 1710 Sal
1560 1641 1844 1726 Ammoniacum,
1877 1638 1940 1712 Fet

407 1737 520 1825 Vitri,
554 1737 735 1821 'lartarus,
767 1734 912 1806 Cremor
936 1731 1095 1817 Tartari,
1130 1734 1300 1805 Stenarum
1326 1736 1480 1823 Saturni,
1523 1736 1612 1809 Calx
1643 1738 1811 1823 saxatilis,
1841 1738 1940 1826 Aqua

404 1836 542 1919 Calcis,
568 1836 693 1906 Suetus
719 1832 806 1905 Citri
831 1828 1015 1921 expressus,
1040 1830 1200 1919 Acetum,
1227 1831 1363 1922 Spiritus
1386 1834 1510 1918 Acetl,
1544 1834 1677 1921 Urina,
1702 1834 1839 1924 Spiritus
1862 1833 1941 1904 Uri·

409 1957 482 2017 nae,
509 1932 562 2004 Sal
589 1932 721 2015 Urinae,
748 1930 884 2019 Spiritus
908 1924 1061 2018 Vitrioli,
1089 1925 1212 1997 Oleum
1230 1928 1382 2016 Vitrioli,
1409 1930 1545 2021 Spiritus
1565 1930 1675 2012 Nitri,
1702 1931 1841 2020 Spiritus
1855 1930 1939 2004 Salis

408 2031 562 2115 Marini,
595 2031 690 2119 Aqua
713 2026 830 2108 sortis,
864 2024 960 2116 Aqua
981 2027 1097 2119 regn,
1123 2024 1261 2115 Spiritus
1286 2026 1374 2098 Nirri
1396 2027 1519 2114 dulcis,
1546 2029 1683 2117 Spiritus
1706 2026 1788 2097 Salis
1809 2028 1936 2113 dulcis,

398 2128 543 2218 Spiritus
567 2126 644 2196 Vini
663 2123 867 2206 AEthereus,
899 2123 1035 2212 Spiritus
1060 2121 1140 2191 Salis
1162 2123 1392 2211 Ammoniaci,
1421 2123 1543 2195 Oleum
1566 2125 1692 2195 Tartari
1717 2145 1776 2214 per
1794 2123 1935 2215 deliqui·

405 2245 481 2308 um,
507 2223 643 2316 Spiritus
668 2221 785 2291 Cornu
809 2219 930 2299 Cervi,
957 2218 1094 2306 Spiritus
1117 2217 1286 2307 Sulphuris
1308 2241 1367 2306 per
1389 2221 1615 2307 Campanam,
1640 2222 1740 2289 autsr
1768 2221 1866 2310 aliqui
1881 2221 1937 2290 alii

397 2321 495 2392 -Salcs
516 2321 622 2392 adhuc
646 2317 776 2388 fuerint.
833 2314 898 2381 Vel
924 2314 1069 2399 liquores
1100 2315 1190 2398 epoti
1224 2313 1266 2378 ab
1297 2312 1365 2380 aliis
1390 2316 1614 2402 corporibus,
1648 2317 1680 2382 in
1718 2315 1795 2383 Sole
1825 2315 1938 2385 saccati

400 2438 614 2508 exponantur
636 2412 813 2500 vaporibus
840 2406 875 2476 dt
898 2405 1156 2476 exhalationibus
1177 2404 1300 2476 Salium
1323 2408 1523 2497 volatilium,
1548 2431 1603 2482 aut
1622 2408 1813 2481 fumorum:
1837 2411 1938 2483 veluti

400 2502 864 2605 :paraturTournes01(b).
1717 2535 1720 2540 ’
1858 2505 1882 2522 “

463 2628 513 2677 ιο.
539 2605 618 2674 Post
639 2623 742 2671 unum
765 2598 900 2670 affusum
923 2598 1029 2669 Salem
1052 2618 1107 2669 aut
1132 2601 1304 2692 Spiritum,
1330 2601 1560 2676 &excitatum
1575 2607 1748 2692 colorem,
1776 2607 1828 2678 alii
1846 2604 1937 2678 Sales

400 2702 464 2775 ‘vel
493 2702 631 2793 Spiritus
658 2696 783 2768 offundi
816 2695 975 2787 poliunt,
1007 2717 1025 2765 a
1054 2698 1171 2786 quibus
1202 2699 1395 2793 plerumque
1428 2701 1568 2773 diversus
1599 2704 1798 2794 producetur
1819 2702 1937 2790 color,

411 2801 513 2889 priori
539 2816 662 2866 mutato
687 2815 743 2864 aut
767 2793 939 2865 destrudio.

465 2913 515 2985 3⁰·
542 2892 729 2962 Solutiones
752 2889 907 2959 colorata:
930 2889 1045 2961 clausae
1071 2891 1121 2959 vel
1144 2911 1263 2981 apertae
1287 2894 1413 2984 aliquot
1434 2895 1549 2966 diebus
1570 2894 1759 2978 serventur,
1783 2916 1820 2967 ut
1840 2911 1940 2985 appa·

410 3010 499 3074 reat,
526 2991 657 3080 quinam
683 2984 813 3056 colores
836 2987 904 3056 cito
927 2985 986 3056 smt
1008 2984 1162 3078 fugitivi,
1188 2989 1321 3076 quinam
1346 2991 1487 3060 eundem
1515 2991 1628 3061 sucum
1659 2992 1842 3064 constanter
1865 3013 1941 3063 cus·

402 3088 545 3158 todiant.
932 3132 938 3143 ,

459 3204 511 3274 40.
538 3180 727 3255 Solutiones
756 3177 911 3249 coloratae
934 3176 1064 3248 diversa
1086 3181 1169 3250 inter
1191 3181 1222 3253 se
1246 3182 1371 3252 misceri
1396 3180 1555 3272 pollirnt,
1589 3206 1664 3276 quae
1688 3209 1795 3259 novos
1821 3186 1939 3255 iterun

404 3281 596 3376 ¹producunt
617 3276 762 3348 colores:
787 3276 853 3347 hoc
875 3278 971 3368 pado
995 3278 1110 3368 ingens
1135 3299 1296 3351 novorum
1322 3282 1534 3350 tentaminum
1555 3300 1645 3372 patet
1668 3304 1832 3354 numerus.

407 3437 410 3442 .
459 3376 655 3469 Huiusmodi
684 3376 858 3444 tentamina
883 3377 916 3443 in
943 3392 1009 3442 arte
1033 3371 1200 3446 Tinsloria
1233 3376 1365 3466 poliunt
1394 3374 1458 3446 elle
1488 3377 1673 3465 utililsrma,
1698 3380 1797 3452 veluti
1819 3381 1938 3471 proba·

412 3478 456 3548 vit
482 3477 539 3547 Cl.
566 3472 685 3564 Jullreu
711 3474 745 3540 in
773 3469 1032 3558 Chrysanthento
1059 3468 1152 3559 (cla
1177 3473 1334 3563 descripta
1358 3473 1516 3543 methodo
1532 3474 1669 3565 plurima
1688 3477 1830 3570 detexi,
1863 3483 1941 3574 quat'

413 3594 482 3644 nou
507 3570 635 3652 addidi,
660 3566 778 3636 nolens
801 3565 984 3653 prolixitate
1010 3565 1140 3634 taedium
1166 3589 1287 3637 creare.

466 3696 497 3796 l.
523 3686 882 3767 lllDCCCXLVlll.
915 3684 992 3757 lloc
1023 3685 1234 3761 fundamento
1260 3696 1358 3764 etiam
1379 3690 1535 3763 nonnulla
1556 3694 1748 3767 Atramenta
1770 3693 1940 3790 Sympate·

407 3800 480 3868 tica
501 3796 664 3874 nituntur,
688 3806 828 3878 quorum
853 3783 958 3874 aliqua
983 3784 1111 3855 tradidit
1135 3789 1419 3875 experientillrmus
1444 3786 1597 3863 Hellotus
1622 3791 1644 3885 (
1681 3791 1715 3885 ).

473 3912 519 3962 10.
545 3886 783 3980 Litbargyrium
806 3882 838 3950 in
859 3901 953 3950 aceto
975 3879 1132 3952 destillato
1158 3881 1316 3973 solvatur,
1343 3908 1487 3978 quocum
1512 3908 1686 3961 exarentur
1706 3890 1838 3974 literae,
1863 3908 1940 3980 quat

416 3997 450 4063 in
475 3986 589 4058 umbra
611 3982 796 4064 saccentur,
829 3998 938 4049 earum
972 3976 1051 4048 nihil
1074 3981 1253 4069 apparebit.
1311 3988 1595 4077 Autipigmentum
1619 3986 1760 4057 solvatur
1783 3990 1818 4056 in
1840 3988 1941 4078 Aqua

416 4087 533 4168 calcis,
559 4100 627 4171 quo
649 4078 776 4167 liquore
800 4075 971 4166 impleatur
992 4075 1179 4164 penicillus,
1206 4081 1262 4167 qui
1286 4077 1377 4168 supra
1404 4073 1547 4167 priorem
1572 4078 1757 4165 scripturam
1779 4083 1939 4168 ducatur,

408 4186 477 4276 ¹jam
498 4201 602 4271 partes
624 4173 818 4269 Lithorgvtii
840 4194 915 4242 cum
938 4173 1211 4264 Aurigpigmento
1233 4175 1352 4263 janda
1375 4172 1514 4243 evadunt
1538 4170 1715 4259 colorata,
1740 4174 1860 4260 slavae,
1882 4174 1947 4245 de·

417 4281 491 4352 inde
516 4282 630 4370 nigrae:
657 4272 826 4344 abluantur
850 4268 950 4338 literae
975 4269 1072 4356 Aqua
1096 4266 1191 4352 sorti,
1215 4271 1416 4344 evanescent.

468 4394 516 4447 20.
542 4378 668 4443 Aurum
690 4372 723 4439 in
745 4370 843 4458 Aqua
862 4367 950 4460 regia
974 4363 1137 4448 solvatur,
1171 4364 1289 4437 solutio
1322 4366 1497 4458 quintuplo
1518 4369 1625 4460 Aquae
1651 4368 1815 4441 diluatura
1845 4367 1941 4442 Stan·'

413 4496 494 4550 nom
519 4475 552 4541 in
572 4474 670 4561 Aqua
695 4467 782 4560 regia
806 4463 947 4536 solutum
970 4463 1067 4531 etiarn
1090 4461 1230 4534 diluatur
1252 4464 1426 4556 quintuplo
1448 4465 1571 4556 Aquae:
1596 4489 1672 4539 cum
1693 4465 1856 4552 solutione
1870 4467 1943 4538 Au·

412 4578 443 4647 ri
467 4570 641 4642 scribantur
665 4585 754 4636 novo
779 4561 907 4635 calamo
932 4559 1065 4646 litera,
1089 4581 1165 4652 quae
1189 4562 1222 4633 in
1246 4563 1360 4636 umbra
1379 4564 1503 4637 siccatae
1528 4563 1629 4640 videri
1654 4586 1848 4663 nequeunt:
1881 4545 1939 4742 ddi

1752 4715 1759 4726 ·
1859 4687 1895 4742 m

490 4760 547 4838 (al
568 4755 736 4821 L’Hntotre
757 4755 795 4817 de
814 4758 926 4821 laced.
948 4758 1027 4834 nov.
1048 4756 1102 4819 Ae.
1127 4772 1213 4834 1742.
1235 4776 1302 4839 pag.
1323 4762 1391 4834 apo}

490 4841 550 4916 (b)
569 4835 675 4900 L'Hili
706 4835 742 4895 de
760 4836 871 4898 1’Acnd.
890 4841 969 4914 Roy.
992 4840 1045 4903 Aa.
1070 4854 1155 4914 1754.

489 4918 547 4993 (c)
567 4905 735 4975 L'Histoire
756 4913 792 4974 de
812 4914 925 4975 ineat.
947 4916 1024 4994 Roy.
1045 4918 1096 4978 Ao.
1120 4931 1206 4994 ¹7²4·
1227 4930 1295 4996 pa'g.
1319 4923 1389 4997 5094

489 4996 552 5078 (s)
572 4991 689 5060 L’iiist.
709 4991 747 5055 de
768 4991 878 5060 illaad.
897 4993 975 5076 xor.
996 4997 1048 5061 Aa
1071 5007 1160 5073 azar.
