4992 6767
573 683 657 782 ,9⁶
800 643 1449 750 nnmnrnonrs
1507 633 1869 750 Aquars

574 862 711 943 belant,
743 853 780 928 ds
800 853 930 928 modern
953 850 1095 944 pluviam
1121 841 1293 916 effundunt
1318 841 1351 909 in
1373 832 1478 908 solum
1501 831 1672 907 deciduam
1690 851 1703 925 ;
1736 855 1805 929 quo
1830 837 1937 911 nubm
1959 838 2038 934 plus
2058 841 2106 917 al.

572 965 678 1043 henr,
713 955 813 1026 rarior
839 951 885 1023 esi
910 949 1044 1044 pluvia,
1076 940 1292 1031 exilioresqrre
1319 934 1390 1006 sunt
1410 930 1519 1003 stillae:
1544 950 1621 1006 atrae
1650 933 1758 1006 nubes
1778 935 1918 1010 multum
1939 938 2019 1032 plus
2043 947 2107 1015 im.

574 1057 681 1134 brium
706 1049 893 1134 dimittunt,
915 1044 1074 1138 majores,
1096 1038 1327 1127 densioresque
1342 1029 1458 1101 stillas:
1484 1027 1660 1120 aliquando
1680 1052 1787 1105 totum
1803 1033 1923 1106 coelutn
1943 1059 2010 1111 non
2038 1044 2106 1113 ob·

573 1139 1079 1340 lilllillllllllini?
1094 1125 1995 1330 simili‚lllltls‘sllzbl‘ll‘zsliil
2017 1137 2104 1308 ii:

575 1341 902 1566 nlzddndfflddddm
917 1442 1044 1562 ‘coelum
1068 1440 1222 1516 uniformi
1242 1440 1331 1556 nube
1355 1436 1402 1509 est
1418 1438 1618 1552 obedum,
1644 1437 1749 1515 solent
1768 1441 1860 1559 slillae
1883 1441 1949 1534 effe
1968 1446 2103 1559 aequalis

574 1532 1443 1731 rulllissrlillssll‘llli‘absidi‘
1450 1533 2010 1734 aiilalffiiarli'ssfrli‘ill
2030 1561 2104 1710 {rr

575 1742 865 1840 pleniores,‚morr
890 1740 1037 1811 rariores.

619 1861 657 2030 p.
682 1853 965 1933 MMCCCLXI.
991 1853 1026 1927 Si
1049 1873 1119 1927 tott
1143 1853 1246 1926 nubes
1273 1851 1354 1923 insra
1378 1852 1547 1948 regionem
1570 1850 1710 1923 nivalem
1733 1854 1768 1927 in
1789 1853 1877 1928 ooelo
1900 1874 2014 1930 natans
2032 1876 2102 1930 non

576 1983 618 2060 ge
631 1977 707 2031 ante
728 1960 762 2029 in
784 1958 874 2028 omni
897 1952 944 2024 sui
967 1972 1059 2045 parte
1079 1950 1280 2042 aequabiliter
1302 1968 1464 2032 mutemr,
1490 1946 1543 2017 sed
1567 1946 1686 2032 lente,
1718 1969 1756 2022 ut
1776 1973 1913 2043 vapores
1940 1954 2103 2046 pedeten-

576 2063 635 2130 tim
661 2055 810 2137 co'e‘ant,
843 2056 876 2123 in
904 2049 1046 2145 guttulas
1070 2050 1220 2117 minimas
1242 2064 1432 2131 vertentur,
1462 2046 1531 2134 puri
1565 2043 1736 2120 trenusio-
1754 2047 1931 2134 dillantes,
1965 2067 2103 2142 quarum

575 2149 726 2246 specifica
748 2150 906 2244 gravitas,
930 2166 1005 2215 curn
1030 2146 1071 2212 ab
1095 2143 1174 2212 aere
1199 2143 1253 2212 vix
1274 2141 1457 2230 discrepat,
1481 2139 1595 2224 saciet,
1618 2139 1963 2214 mimmeescerdmr
1982 2147 2125 2239 guttuk

577 2245 618 2318 1ae
644 2245 724 2338 (a)
748 2243 891 2332 pluviam
914 2235 1127 2308 tenuissimam
1152 2233 1189 2307 dc
1211 2234 1400 2321 roriseram,
1422 2237 1485 2309 sve
1511 2233 1675 2327 pseotdem
1693 2235 1894 2308 seminatura:
1919 2238 1994 2309 haee
2011 2261 2107 2312 con-

577 2342 693 2437 tingit,
718 2336 772 2408 sed
797 2337 904 2405 minus
928 2333 1124 2424 frequenter.
1174 2330 1302 2404 Eadem
1329 2352 1437 2404 tamen
1461 2334 1617 2416 eveniet,
1642 2330 1774 2421 quando
1794 2331 1837 2402 ab
1855 2334 2001 2403 inferiori
2024 2358 2105 2426 par·

578 2453 611 2510 te
635 2435 736 2507 nubes
759 2433 896 2522 coeperit
918 2429 1118 2519 aequabiliter
1142 2431 1288 2514 mutari,
1322 2449 1421 2519 atque
1443 2430 1580 2499 mutatio
1605 2425 1722 2497 sursum
1753 2427 1841 2497 lente
1872 2428 2103 2521 proserpserit3

576 2555 648 2606 tum
671 2533 758 2602 enim
782 2547 920 2618 vapores
940 2528 975 2595 in
1000 2529 1131 2619 exiguas
1154 2522 1375 2596 coalescentes
1398 2524 1558 2621 grrnulas,
1584 2523 1675 2598 lente
1695 2520 1916 2611 descendunt,
1940 2521 1977 2597 dt
2000 2549 2104 2623 quen·

578 2647 621 2702 tae
644 2645 754 2714 erant,
780 2625 902 2695 nubem
926 2620 1167 2713 relinquentes,
1191 2620 1233 2691 ad
1263 2641 1379 2692 terram
1399 2624 1543 2694 veniunt.
1648 2703 1653 2712 ¹

648 2797 656 2816 .
683 2742 985 2820 MMCCCLXll.
1011 2744 1045 2816 Si
1069 2767 1149 2817 vero
1173 2749 1269 2819 nubis
1288 2747 1433 2836 superior
1454 2769 1527 2839 pars
1548 2749 1638 2840 prius
1650 2763 1812 2833 mutetur,
1837 2709 2104 2837 renumque'mu·

578 2867 660 2920 ratro
683 2865 743 2937 per
766 2841 907 2913 mediam
930 2861 1133 2933 prorepens,
1159 2843 1199 2914 ad
1221 2843 1406 2916 inferiorern
1430 2864 1554 2937 partem
1578 2847 1759 2939 pertingat,
1784 2843 1876 2933 prins
1891 2842 2028 2939 guttula
2044 2845 2105 2914 mi·

579 2961 678 3016 nores
700 2943 733 3012 in
759 2937 907 3031 suprema
929 2940 1025 3010 nubis
1044 2959 1136 3028 perte
1159 2939 1405 3027 sormaburrtur,
1430 2963 1506 3033 quae
1529 2941 1677 3012 decidua
1702 2943 1736 3010 in
1760 2937 1930 3011 inferiores
1945 2941 2101 3028 coibunt,

424 3059 428 3068 ·
579 3037 743 3112 continuo
766 3038 891 3119 aune,
922 3053 991 3124 quo
1023 3033 1100 3124 plus
1131 3033 1374 3110 descenderint:
1398 3060 1468 3129 quo
1491 3036 1629 3130 majores
1653 3038 1763 3128 liunt,¹
1788 3034 1936 3128 pluribus
1960 3038 2102 3127 partibus

581 3150 778 3216 occurrunt,
803 3129 996 3222 quibuscum
1021 3128 1290 3228 conjunguntur,
1314 3137 1482 3228 magisque
1505 3138 1704 3208 increscunt:
1730 3133 1797 3205 hoc
1815 3131 2100 3225 frequentillimum

580 3228 647 3311 est,
673 3225 708 3296 dr
731 3223 934 3296 observatum
957 3226 1000 3295 ab
1025 3226 1094 3312 iis,
1126 3231 1239 3319 quiin
1264 3230 1346 3302 valle
1370 3251 1521 3327 magnum
1548 3230 1743 3302 stillicidium
1770 3232 1918 3322 experti,
1950 3249 2098 3302 montem

583 3327 617 3394 in
643 3321 759 3392 eadem
782 3322 870 3392 nube
894 3320 1124 3394 adscendentes
1146 3323 1356 3397 offenderunt
1377 3346 1483 3422 guttas
1510 3331 1682 3412 minores,
1716 3349 1785 3419 quo
1807 3325 1896 3398 altius
1919 3323 2092 3395 adscende·

582 3421 676 3488 bant:
703 3415 737 3486 id
761 3418 859 3488 etiam
882 3417 1093 3493 confirmatur
1113 3440 1154 3491 ex
1178 3422 1354 3518 grandine,
1376 3421 1468 3515 cujus
1490 3426 1648 3520 gmna'in
1663 3425 1835 3500 verticibus
1847 3423 2004 3496 montium
2020 3441 2098 3513 par·

581 3533 643 3596 va,
666 3514 701 3584 in
724 3511 860 3586 vallibus
883 3536 1001 3609 magna
1023 3517 1242 3586 observantur.

629 3621 829 3717 Huiusmodi
850 3625 989 3696 mutatio
1010 3624 1108 3696 nubis
1134 3644 1198 3696 tam
1222 3629 1257 3697 in
1282 3627 1457 3719 superiori,
1482 3650 1578 3722 quam
1601 3629 1744 3703 inferiori
1766 3647 1858 3723 parre
1872 3631 1976 3702 orimr
1990 3649 2009 3700 a
2023 3651 2105 3722 praee

580 3721 729 3793 tervedlis
754 3720 824 3792 aliis
848 3718 990 3791 nubibus
1014 3723 1121 3792 minus
1150 3720 1339 3817 elediricis,
1371 3745 1426 3797 aut
1447 3729 1589 3799 aventis
1618 3727 1859 3800 eleelricirarem
1890 3747 1932 3799 ex
1963 3729 2103 3817 partibus

580 3816 719 3891 nubium
742 3817 865 3886 artaiiis
884 3816 1095 3905 rapientibus.
1145 3818 1319 3911 lnequalia
1349 3841 1457 3895 nutem
1488 3823 1559 3895 sunt
1583 3845 1770 3920 magnarum
1795 3843 1962 3924 guttarum
1987 3823 2102 3916 pluvia

581 3909 768 4005 intervalla,
793 3932 869 3984 cum
891 3911 1081 3984 eleetncims
1105 3915 1308 4007 inaequaliter
1327 3939 1368 3990 ex
1392 3923 1565 4012 vaporibus
1587 3922 1751 4012 abripitur.

592 4111 595 4116 Ι
633 4019 764 4093 Crebro
787 4025 916 4108 evenit,
938 4041 975 4096 ut
999 4022 1107 4113 pluvia
1127 4028 1287 4120 incipiens
1308 4033 1407 4125 guttis
1427 4032 1554 4104 constet
1577 4036 1696 4127 partis,
1722 4053 1795 4125 quae
1820 4055 1903 4108 mox
1919 4038 2101 4108 increscunt

585 4118 827 4215 magnitudine,
852 4119 1030 4213 aliquando
1049 4125 1147 4193 etiarn
1170 4124 1345 4215 densitate,
1371 4129 1571 4220 procedente
1585 4151 1730 4223 tempore
1745 4149 1811 4202 tarn
1829 4131 1984 4206 densitare
2002 4152 2101 4222 quarn

583 4215 807 4312 magnitudine
838 4216 1058 4304 decrescunt,
1083 4220 1213 4293 tandem
1243 4244 1345 4320 guttae
1367 4226 1451 4300 fiunt
1469 4251 1567 4317 rarae,
1588 4249 1779 4323 parraeque,
1805 4223 1966 4318 &pluvia
1990 4226 2102 4296 cefflrt.

470 4321 474 4336 '
584 4312 778 4408 Contingit,
802 4331 840 4386 ut
854 4313 975 4387 coelum
990 4334 1070 4386 mox
1085 4315 1140 4388 siat
1159 4319 1380 4411 pellucidum,
1404 4325 1483 4397 Sole
1498 4329 1647 4416 nitente,
1666 4326 1824 4424 contingit
1836 4323 1953 4408 etiarn,
1979 4339 2017 4392 ut
2035 4344 2102 4393 nu·

585 4393 645 4479 bes
669 4410 703 4480 in
722 4410 843 4481 eodem
868 4407 946 4484 coeli
970 4409 1048 4484 loco
1075 4434 1205 4488 maneat
1229 4417 1410 4511 superslesr
1443 4445 1484 4496 an
1510 4448 1577 4499 non
1608 4429 1642 4499 in
1670 4429 1778 4518 primo
1807 4419 1879 4494 oasu
1905 4419 2103 4492 elediricitas

586 4499 674 4608 lente
695 4503 827 4597 abrepta
851 4527 870 4577 a
894 4510 989 4582 nubis
1011 4530 1104 4601 parte
1126 4511 1302 4604 inferiori,
1327 4539 1405 4590 mox
1430 4522 1593 4611 celerius,
1619 4524 1748 4597 tandem
1774 4539 1887 4613 parurn
1910 4515 2104 4609 superfuerit

585 4615 622 4666 sn
641 4615 733 4687 parte
751 4601 915 4696 suprema,
941 4627 1015 4703 quae
1040 4606 1128 4683 lente
1146 4609 1263 4687 ultimo
1284 4614 1475 4711 orbabatur,
1499 4641 1597 4716 atque
1619 4622 1663 4694 ita
1683 4639 1750 4695 tota
1770 4615 1889 4711 dilapsa
1911 4613 1958 4690 eli
1981 4616 2104 4688 nubes:

1293 4749 1296 4755 -
2029 4729 2101 4784 cunt

660 4884 720 4971 (a)
740 4890 833 4961 iiiiii.
855 4897 893 4963 de
913 4889 1026 4968 incas.
1046 4903 1125 4987 lior.
1146 4906 1202 4978 llo.
1219 4911 1306 4987 1728.
1327 4925 1392 4989 pag.
1409 4919 1477 4987 31⁸5
