4992 6767
543 742 634 842 rso
735 724 828 814 ou
860 722 1070 816 Lucis
1108 670 1640 812 rnausrru'rou
1678 722 1904 814 ocum

569 924 630 1015 .§.
647 919 1009 996 muccebxxrv.
1034 922 1070 995 Si
1095 922 1210 996 oculus
1231 922 1319 994 bene
1341 920 1378 992 lit
1406 918 1597 992 constitutus
1623 920 1642 989 d
1667 938 1802 1009 natura,
1828 923 1932 1011 radii,
1957 929 2016 1017 qui
2033 947 2095 1023 pn.

552 1021 652 1099 mlleli
672 1023 711 1119 in
735 1020 869 1093 oculum
891 1021 1061 1106 incidunt,
1077 1045 1104 1092 a
1123 1022 1231 1093 tribus
1255 1019 1345 1091 oculi
1365 1018 1554 1090 humoribus
1571 1016 1696 1088 temeti
1711 1020 1745 1088 in
1763 1024 1877 1094 retina
1892 1025 2041 1097 coeunt:
2063 1029 2096 1099 fi

546 1120 633 1196 radii
661 1140 777 1210 pamm
804 1119 1009 1214 divergentes
1039 1120 1238 1203 inciderint,
1270 1118 1381 1190 etiam
1396 1117 1521 1207 absque
1554 1113 1688 1185 sensibili
1710 1114 1896 1191 differentia
1919 1123 1955 1194 in
1985 1128 2098 1198 retina

551 1220 695 1291 cudunt:
720 1215 776 1289 sed
799 1216 825 1289 sr
848 1217 927 1288 radii
952 1220 1055 1313 magis
1076 1215 1280 1311 divergentes
1305 1212 1496 1297 inciderint,
1529 1210 1668 1283 coibunt
1689 1212 1774 1285 ultra
1793 1221 1956 1305 retinam,
1977 1223 2010 1291 io
2026 1222 2095 1294 hae

555 1315 719 1408 quandam
743 1313 951 1389 latitudinem
976 1332 1189 1405 occupantes:
1215 1311 1332 1382 fitadii
1348 1311 1630 1407 convergentesin
1652 1309 1786 1382 oculum
1802 1314 1992 1402 illabantur,
2016 1319 2093 1391 coi·

557 1417 662 1500 bunt,
685 1430 859 1504 antequam
880 1411 922 1482 ad
945 1411 1079 1483 retinam
1104 1411 1327 1503 pervenerint:
1353 1426 1484 1500 oportet
1504 1427 1540 1478 ut
1563 1409 1674 1476 animo
1699 1408 1892 1497 prasentem
1915 1415 2094 1488 habeamus

557 1511 750 1596 radiorurn,
780 1506 911 1596 Lente:
931 1511 1049 1581 vitreas
1073 1506 1322 1591 transeuntium,
1347 1506 1603 1578 aberrationem:
1628 1526 1703 1575 nam
1722 1505 1820 1581 Lens
1841 1509 2035 1601 Crystallina
2057 1517 2094 1585 io

558 1607 662 1677 oculo
687 1606 734 1676 est
754 1608 852 1676 etiam
879 1602 993 1677 Lentis
1017 1607 1164 1699 species,
1199 1601 1235 1675 ἀ
1263 1603 1340 1675 ideo
1363 1605 1442 1674 radii
1467 1601 1697 1689 Crystallinum
1726 1625 1952 1695 permeantes,
1978 1608 2121 1680 focum'

559 1705 594 1773 in
619 1703 762 1794 quadam
784 1702 979 1789 latitudine,
1004 1705 1152 1794 quamvis
1173 1704 1291 1797 exigua
1319 1699 1480 1773 efficiunt:
1505 1719 1543 1769 ut
1562 1718 1673 1769 autem
1690 1701 1878 1776 vadmodum
1899 1708 2017 1803 exigua
2035 1706 2093 1777 illa
2146 1747 2151 1754 -

558 1799 697 1873 latitudo
718 1800 823 1887 meet,
848 1800 971 1893 pupillo
996 1801 1085 1873 oculi
1103 1798 1236 1897 angusta
1258 1797 1306 1870 eli
1322 1800 1356 1871 in
1370 1797 1569 1869 bominibus.

467 1894 479 1926 ³
606 1923 638 2025 ς.
663 1921 988 1999 MDCCCLXXV.
1015 1923 1158 1996 Proinde
1182 1925 1216 1995 in
1238 1927 1341 1995 retina
1363 1921 1481 2015 objmr
1507 1918 1614 1992 ΑΒΕ
1640 1923 1750 2018 imago
1760 1925 1941 1999 inverfeio
1967 1925 2093 1999 XOY
2170 2010 2173 2014 ,

549 2021 1000 2194 Ῥῖιῗὲιὶᾞᾎῗιῗιῇἶιᾞιὲ
1023 2044 1070 2189 ²1⁶,
1086 2015 1864 2190 ¹'‘dl‘ldilidlllllsldll?
1877 2028 2088 2189 “lilim

558 2144 671 2311 {patibilis
686 2143 757 2290 sint
772 2145 948 2299 distindig,
975 2140 1295 2286 lieniqonve'xaqin
1319 2214 1478 2285 foramine
1500 2213 1640 2284 steterit:
1664 2233 1723 2304 pro
1744 2141 1934 2306 hujusr‘ttruordi'
1943 2143 2032 2285 lererte
2039 2141 2092 2289 1ῗιι

561 2315 663 2386 oculo
685 2313 818 2384 estlens
836 2311 1039 2402 crystallina,
1065 2311 1180 2382 oculus
1195 2310 1240 2382 est
1255 2332 1381 2381 camera
1397 2310 1541 2382 obscura.
1586 2307 1693 2381 ›Rodii
1713 2313 1771 2400 qui
1782 2314 1943 2404 :punitis
1960 2313 2086 2403 objecti

558 2411 713 2504 excremis
730 2410 893 2494 veniunt,
925 2411 959 2480 in
986 2408 1104 2479 XOY
1129 2412 1301 2504 pingentes
1324 2409 1521 2504 imaginem,
1554 2407 1585 2477 se
1607 2407 1641 2477 in
1664 2407 1946 2499 potatioquodam
1968 2411 2084 2479 medio

558 2508 678 2592 lentis,
703 2507 840 2580 definito
860 2509 894 2578 in
919 2504 950 2604 l.
982 2507 1085 2601 ¹77⁶·
1116 2525 1219 2598 1777·
1244 2504 1374 2589 secant,
1398 2505 1489 2595 quod
1517 2507 1674 2596 punctum
1699 2503 1745 2575 est
1767 2525 1879 2577 vertex
1902 2508 1998 2589 coni,
2022 2527 2082 2576 cu·

556 2607 608 2698 jus
632 2604 714 2678 baiis
737 2604 783 2675 est
805 2608 914 2698 imago
943 2605 976 2675 in
1001 2607 1116 2675 retina:
1143 2598 1178 2673 dt
1200 2602 1331 2674 alterius
1352 2604 1429 2675 coni
1447 2601 1529 2674 bafis
1551 2600 1596 2672 est
1611 2600 1798 2694 objectum:
1821 2601 1898 2673 ideo
1915 2601 2033 2699 imago
2048 2609 2086 2676 in

412 2726 418 2750 ι
462 2799 465 2806 .
558 2701 660 2806 oculo
686 2705 773 2812 pit'ta
798 2702 844 2774 est
867 2700 976 2775 fintilis
998 2699 1112 2797 figurae
1136 2699 1268 2793 objecti.

608 2833 641 2924 S.
666 2828 1017 2908 Mucccuxxur.
1042 2832 1076 2904 si
1100 2817 1171 2903 lens
1192 2827 1373 2918 crystallina
1394 2845 1438 2896 ex
1460 2823 1561 2896 oculo
1584 2824 1749 2910 abfuerit,
1780 2823 1880 2898 veluti
1903 2822 1950 2896 est
1968 2842 2010 2896 ex
2034 2823 2089 2898 sua

553 2933 634 3007 sede
652 2931 824 3023 depulsus,
848 2951 905 3002 aur
927 2928 1071 3000 exsedius
1100 2932 1134 2998 in
1159 2929 1219 3008 iis,
1245 2927 1302 3012 qui
1324 2924 1513 2992 :comrade
1529 2924 1629 2993 curati
1646 2921 1739 3009 sunt,
1763 2941 1832 2994 tum
1847 2921 1927 2993 radii
1942 2922 2026 2994 lucis
2047 2925 2088 2996 ab

558 3030 697 3101 humore
722 3049 831 3116 aqueo
855 3022 890 3093 dt
913 3027 1015 3093 vitreo
1038 3044 1107 3093 non
1130 3021 1201 3089 satis
1223 3016 1357 3110 refringi
1378 3015 1531 3108 poliunt:
1556 3018 1633 3091 ideo
1649 3019 1837 3112 hujusmodi
1855 3018 2005 3091 homines
2019 3015 2090 3094 tao·

556 3145 628 3198 tum
653 3125 762 3214 legere
791 3120 898 3188 literas
927 3114 1058 3206 poliunt
1085 3137 1151 3206 ope
1173 3112 1362 3204 persspicilli
1382 3112 1865 3210 vehementeramplificantis,
1899 3117 1992 3208 quod
2015 3115 2089 3210 fup·

556 3220 626 3310 plet
650 3212 898 3304 quodammodo
921 3211 1016 3281 lentis
1038 3209 1227 3302 crystallinae
1241 3209 1338 3280 vices.
1390 3205 1681 3301 Lenscryllallina
1699 3214 1851 3285 inoculo
1874 3211 2089 3287 hominitat-

557 3333 590 3388 te
612 3328 752 3404 quatuor
774 3330 878 3379 annos
900 3330 919 3379 a
944 3310 1081 3380 carrada
1114 3308 1216 3380 curati
1239 3307 1370 3398 penitus
1391 3310 1540 3394 evanuit,
1565 3310 1644 3380 teste
1671 3308 1826 3382 Morosclr
1853 3311 1875 3406 (
1913 3311 1948 3407 ).

606 3434 637 3533 p.
662 3431 1027 3508 MDCCCLXXVll.
1051 3433 1127 3509 Lux
1155 3437 1188 3506 in
1212 3453 1366 3505 corneam
1387 3433 1576 3528 lentemque
1597 3436 1760 3528 illapsase
1778 3441 1922 3512 universa
1946 3464 2017 3526 non
2039 3446 2087 3520 in·

554 3532 667 3607 fundit·
688 3535 722 3604 io
744 3533 903 3617 oculum,
936 3528 973 3604 δι
995 3533 1193 3606 adretinam
1217 3551 1385 3623 penetrat,
1411 3531 1465 3606 sed
1486 3555 1560 3624 pars
1581 3556 1601 3605 a
1625 3554 1746 3606 cornea
1771 3532 1807 3606 dt
1834 3558 1969 3630 utraque
1991 3540 2087 3614 lentis

553 3630 724 3725 superficie
747 3634 984 3704 reverberatur:
1008 3630 1189 3702 verofimile
1207 3629 1276 3714 est,
1298 3630 1585 3704 lueemredditam
1601 3632 1665 3704 elle
1685 3634 1728 3704 :td
1750 3636 1958 3707 transmissam
1980 3642 2029 3708 uti
2052 3661 2088 3711 ι.

551 3734 595 3804 ad
626 3753 679 3803 to.
707 3729 777 3825 (b)
803 3748 960 3799 :cornea
982 3727 1119 3793 multum
1151 3727 1233 3794 lucis
1249 3726 1345 3794 reddi
1370 3747 1490 3815 patet,
1523 3732 1600 3818 quia
1623 3731 1645 3799 fi
1672 3734 1745 3819 quis
1774 3754 1877 3823 prope
1900 3734 1996 3804 alium
2024 3736 2086 3808 ile·

545 3833 646 3912 terit,
671 3825 762 3912 cujus
781 3822 898 3891 oculos
921 3822 1084 3897 intuetur,
1110 3817 1142 3886 se
1156 3820 1189 3886 in
1206 3821 1246 3885 iis
1266 3818 1364 3888 instar
1386 3823 1519 3908 pupulae
1553 3822 1671 3912 spedlat
1684 3827 1772 3912 quast
1787 3831 1818 3897 in
1835 3830 1977 3918 pupilla:
2004 3836 2086 3903 ima·

621 3924 692 3991 haec
715 3915 859 3985 redditur
883 3934 902 3983 a
925 3912 1158 3984 cumea-veluti
1180 3933 1201 3983 a
1226 3910 1359 4002 speculo
1374 3912 1719 4005 sphaericoconvex03
1746 3925 1902 4011 quicquid
1917 3926 2086 4002 lucis-hoc

395 4025 398 4029 '
550 4019 656 4092 modo
678 4010 846 4097 redditur,
870 4031 939 4084 noo
959 4008 1139 4106 ingreditur
1159 4008 1288 4081 oculos.

456 4119 474 4157 '²
514 4163 516 4170 ·
557 4171 563 4208 :
597 4131 1032 4238 corbeccuxxvln.
1057 4133 1225 4232 Quoniam
1240 4138 1353 4212 muna
1368 4135 1491 4228 duplex
1504 4137 1583 4222 eil,
1608 4157 1682 4228 pata
1694 4106 1846 4225 interior,
1872 4140 2084 4229 quae‘humo·

550 4357 608 4409 tro
1043 4355 1146 4404 -=o
1240 4355 1333 4405 sn
1479 4382 1492 4416 ,
1590 4354 1613 4403 n
1700 4355 1858 4406 ammem
1918 4360 2081 4421 nea‚.eu·

547 4438 679 4525 o'pieor
702 4428 814 4504 lucem
836 4427 1038 4517 obiedlomm
1058 4353 1222 4527 imagmgs·
1240 4431 1452 4524 pingentem,
1476 4428 1624 4502 defendit
1643 4355 1775 4503 tigillus
1798 4433 1990 4506 tenuiliimas
2008 4460 2082 4510 tue·

546 4532 713 4614 dullum„
737 4548 780 4598 ne
800 4523 969 4610 vacillent,
993 4530 1145 4598 noc-cito·
1158 4547 1220 4598 auu
1243 4526 1603 4613 facileeomburanmr‚
1628 4525 1892 4602 delimantotvei

553 4665 561 4677 ·
596 4626 646 4700 Et
659 4649 710 4698 ao·
724 4645 797 4696 uon·
818 4621 949 4693 librillae·
966 4624 1449 4696 medullatasubmembram
1466 4627 1553 4716 pieta
1571 4624 1744 4716 jacentes,
1769 4627 1820 4700 vel
1843 4650 1915 4700 eam
1942 4649 2080 4726 tangen-

547 4722 725 4814 teatdttissa
738 4717 940 4816 affitiuowi
965 4740 1008 4794 ut
1023 4744 1070 4794 ea·
1082 4722 1214 4796 affedlio
1235 4721 1288 4797 uel
1308 4741 1421 4795 motus
1439 4741 1498 4814 per
1525 4742 1642 4794 nervos
1664 4724 1708 4795 ad
1728 4724 1859 4798 alteram
1876 4731 1915 4800 io
1937 4732 2078 4804 cerebro

1968 4846 2076 4900 extre·

562 4987 572 4999 ,
614 4942 662 5004 ,ιι
708 4877 1018 4998 premeridtriatur]
1041 4885 1154 4981 Curios.
1172 4889 1297 4985 Centau.
1317 4919 1356 4984 Iu
1378 4918 1448 4984 Obs.
1470 4935 1518 4997 55.
1535 4933 1605 4997 pag.
1628 4929 1697 4994 250.

544 5042 552 5068 .·
614 4922 898 5083 &mm
915 4995 1028 5088 distin&
1049 4999 1143 5063 uiliou
1164 5001 1194 5077 ς.
1215 5007 1292 5079 ιη’
