4992 6767
542 677 799 794 ww
934 661 1096 760 De
1259 657 1670 760 enee

555 975 570 1066 t
808 939 819 947 ’
1101 951 1170 1039 Ex
1197 949 1331 1061 Regno
1359 946 1546 1036 Animali

606 1190 655 1246 to.
681 1165 750 1238 Lac
771 1163 868 1239 dulce
884 1166 1060 1248 bovinum,
1087 1161 1179 1253 quod
1196 1160 1317 1232 edullo
1333 1178 1375 1230 ex
1389 1157 1517 1230 vasculo
1529 1156 1626 1246 tete,
1651 1154 1822 1250 spumescit
1836 1165 1984 1264 thuere,
2005 1175 2083 1274 spu.

538 1291 607 1360 ,ma
624 1265 801 1359 assurgente
824 1264 867 1334 ad
882 1262 1085 1335 altitudinem
1110 1256 1254 1349 pollicis:
1281 1277 1352 1330 non
1369 1275 1476 1330 tumen
1490 1257 1630 1330 multum
1642 1257 1731 1334 abrit
1748 1264 1829 1335 inest
1843 1267 1988 1361 respfflu
1999 1277 2083 1352 alio.

554 1389 628 1439 turn
654 1363 840 1435 fluidorum.
961 1385 963 1390 ’

606 1485 658 1535 20.
684 1458 754 1531 Lac
778 1461 983 1547 ebutytatum
1004 1455 1078 1549 plus
1100 1451 1270 1545 spumescrt
1289 1454 1330 1525 ab
1352 1453 1431 1524 ee‘re
1454 1453 1644 1528 intrinsecus
1664 1459 1851 1544 concluso,
1876 1470 1984 1556 quiin
2008 1475 2080 1564 pin-

559 1559 734 1630 sationibus
765 1557 924 1626 continuo
946 1551 1212 1636 admiscebatur,
1247 1545 1283 1622 ἃ
1308 1553 1385 1643 quia
1408 1549 1473 1618 hoc
1498 1550 1568 1622 Lac
1592 1556 1702 1628 minus
1724 1555 1882 1630 viscidum
1903 1563 1990 1638 dulci
2010 1571 2077 1658 eft,

559 1654 619 1726 ue'r
640 1655 737 1724 etiam
761 1649 886 1722 facilius
906 1653 1023 1726 evolat.

609 1771 660 1843 30.
686 1749 788 1820 Urina
813 1771 926 1822 recens
950 1751 1089 1823 humana
1109 1746 1330 1822 vehementius
1344 1745 1386 1816 ub
1401 1747 1479 1818 aere
1497 1767 1639 1818 exeunte
1663 1746 1700 1816 δι
1715 1748 1929 1829 adscendente
1940 1761 2081 1853 ebullit,
2101 1745 2108 1758 ⁸

555 1868 598 1921 ex
622 1845 770 1918 universo
785 1843 908 1935 fluido,
933 1870 951 1918 a
977 1846 1079 1919 fundo
1094 1843 1211 1920 vasculi
1226 1863 1350 1935 usque,
1375 1846 1562 1916 cateruatim
1577 1844 1633 1913 aer
1646 1843 1838 1937 adscendit,
1863 1849 1900 1924 bt
1914 1877 1958 1928 ex
1974 1858 2082 1953 lupen

558 1945 634 2017 licie
660 1943 768 2016 evolat
792 1941 870 2016 latus
896 1947 1040 2017 excitans
1065 1944 1180 2016 bullas.
1335 2021 1339 2026 ,

599 2063 666 2211 l4⁰.
706 2039 810 2111 Simili
841 2043 943 2114 modo
967 2044 1054 2114 abris
1078 2062 1195 2137 magne
1218 2045 1266 2112 vis
1290 2042 1356 2110 exit
1379 2057 1421 2107 ex
1445 2036 1543 2106 succo
1567 2040 1690 2126 amnii,
1721 2045 1756 2114 ln
1781 2064 1851 2137 quo
1873 2067 1964 2122 nutat
1986 2055 2082 2129 cuni.

555 2158 597 2209 cu
614 2159 664 2209 us.

605 2248 656 2328 5⁸.
682 2235 752 2305 A'e'r
773 2235 819 2304 est
844 2254 980 2324 quoque
1003 2238 1036 2304 in
1060 2232 1133 2301 Bile
1159 2231 1300 2315 bovina,
1327 2225 1364 2300 δι
1388 2225 1496 2302 ovilla.

606 2332 658 2404 6⁰.
684 2331 723 2403 ln
748 2329 900 2428 sanguine
922 2332 1020 2403 rubro
1051 2329 1194 2411 bovino,
1218 2327 1362 2422 agnino,
1388 2325 1531 2398 humane
1552 2326 1611 2424 a'efr
1633 2327 1735 2416 inest,
1757 2331 1840 2412 leti,
1861 2337 1921 2404 nili
1947 2337 2081 2436 languit

558 2428 682 2504 fluidus
701 2429 761 2520 fit,
778 2427 948 2500 difficulter
963 2431 1048 2511 exit,
1067 2445 1206 2497 attamen
1221 2415 1409 2520 sanguinem
1426 2423 1535 2511 inflat;
1550 2423 1626 2496 ideo
1648 2425 1781 2512 arteria,
1806 2420 1938 2500 &vene
1952 2431 2083 2532 sungui-

557 2531 607 2599 nis
627 2527 751 2618 plena,
777 2522 811 2597 ἃ
839 2529 1000 2616 utrimque
1020 2525 1116 2619 ligata
1140 2527 1171 2593 in
1194 2544 1299 2594 vacuo
1318 2522 1456 2595 multum
1480 2521 1677 2594 intumescit:
1703 2543 1864 2595 enutetex
1879 2523 1985 2600 fundo
2000 2533 2082 2610 vais

558 2645 674 2714 aquarn
701 2627 876 2717 capientis,
903 2624 924 2693 fi
950 2625 1110 2715 aperiatur
1126 2619 1278 2710 scalpello
1295 2620 1353 2691 sub
1369 2641 1474 2714 aqua,
1499 2619 1637 2692 multum
1657 2620 1742 2694 aeris
1762 2619 1818 2693 sub
1840 2618 1948 2696 forma
1978 2628 2081 2704 bulle-

558 2741 630 2792 rum
659 2724 735 2792 exit.
783 2719 837 2791 Ex
858 2723 992 2810 arteria,
1018 2739 1164 2810 ventique
1189 2722 1341 2809 erumpit.

622 2836 675 2908 7⁰·
708 2816 746 2886 ln
770 2816 935 2886 albumine
956 2817 1009 2888 ovi
1033 2815 1136 2885 modo
1161 2811 1265 2885 effuso
1289 2835 1420 2888 errove
1446 2814 1654 2912 gallinaceo,
1688 2837 1895 2910 nequaquem
1919 2823 2077 2901 eoncull'o

555 2911 616 2983 n'e'r
638 2909 742 2984 inest:
775 2913 842 2984 hoc
865 2911 1018 2984 albumen
1042 2911 1182 2984 multum
1207 2915 1241 2984 in
1266 2931 1369 2986 vucuo
1393 2913 1540 3004 spumet,
1562 2914 1675 3006 estque
1699 2917 1784 2984 aeris
1805 2912 2030 3009 plenillimum,

763 3101 899 3187 liuida
926 3128 975 3187 ex
1001 3101 1135 3210 Regno
1164 3105 1373 3212 Vegerabili
1396 3109 1620 3194 examinata
1636 3105 1736 3218 sunt
1756 3109 1853 3194 baec:

606 3329 654 3381 ιο.
680 3305 804 3378 Vinum
835 3307 945 3378 album
967 3305 1139 3404 gallicum,
1173 3312 1265 3403 quod
1287 3313 1372 3387 aens
1396 3316 1443 3387 est
1466 3314 1703 3409 plenillimum,
1725 3315 1766 3392 bt
1785 3317 1902 3396 dublo
1919 3323 2074 3420 superiori

555 3405 657 3492 aere,
681 3403 890 3477 vehementer
915 3404 1039 3476 ebullit.

607 3523 660 3575 20.
684 3505 826 3574 Acetum
850 3505 915 3574 vini
931 3503 978 3574 est
994 3503 1081 3576 aeris
1102 3503 1347 3598 pleniffimum,
1373 3505 1563 3584 &multum
1583 3510 1720 3604 spumat.
1772 3593 1777 3602 ,

605 3618 656 3692 30.
680 3600 819 3694 Spiritus
842 3597 942 3687 Vini,
968 3620 1038 3674 tum
1059 3601 1197 3696 Spiritus
1219 3603 1374 3679 frumenti
1394 3608 1592 3701 praecursor,
1617 3611 1664 3681 est
1688 3611 1776 3688 aens
1798 3613 2077 3712 plenillimum&

553 3700 590 3770 in
612 3721 716 3773 vetuo
732 3699 941 3770 vehementer
964 3699 1090 3770 ebullit.
1351 3713 1361 3734 ⁸
2142 3763 2147 3774 ·

547 3797 552 3810 “
623 3817 677 3886 4⁰·
711 3795 872 3866 Cerevilia
897 3814 1010 3864 recens
1034 3815 1102 3864 tota
1129 3805 1327 3872 convertitur
1350 3805 1385 3873 in
1416 3802 1559 3894 spumam
1584 3807 1627 3877 ab
1649 3811 1727 3884 tte're
1751 3811 1913 3903 eumilo,
1945 3841 2002 3894 ves
2022 3821 2075 3896 ed·

551 3890 693 3962 'modum
717 3888 817 3958 altum
839 3909 945 3979 ¹usque
969 3889 1010 3958 ad
1036 3889 1219 3981 supremum
1243 3897 1380 3989 implet,
1406 3896 1440 3969 ἀ
1461 3901 1641 3992 jucundum
1657 3909 2028 4002 praebetspettrcnlum.

606 4003 657 4078 50.
683 3985 827 4077 Syrupus
850 3986 942 4082 niger
965 3985 1104 4084 vulgaris
1130 3990 1177 4062 est
1200 4015 1334 4085 quoque
1363 3997 1449 4070 alitis
1465 3997 1682 4091 pleniffimus,
1715 4001 1751 4078 &
1778 4025 1863 4080 totus
1888 4016 2023 4086 vertitur
2043 4019 2077 4090 in

554 4080 723 4252 dumntjm
748 4083 916 4176 spumam,
942 4106 1016 4178 quae
1035 4105 1142 4160 toturn
1157 4090 1356 4184 resimplet,
1382 4117 1450 4169 non
1469 4101 1576 4171 minus
1598 4122 1730 4178 amoeno
1747 4102 1948 4198 spetuutlo,
1971 4131 2074 4204 quem

553 4200 663 4274 prece
686 4202 756 4256 ene.

606 4279 659 4352 6⁰.
684 4278 807 4352 Oleurn
830 4280 1010 4367 olivarum,
1029 4280 1106 4355 licet
1127 4285 1270 4362 calidum
1293 4291 1404 4365 calore
1428 4314 1490 4386 90.
1516 4297 1697 4391 graduum,
1718 4305 1756 4374 in
1771 4304 1948 4396 recipiente
1965 4327 2073 4386 vacuo

555 4374 682 4449 nullum
701 4377 857 4449 indicium
880 4377 1013 4470 alicujus
1037 4381 1123 4454 ebrie
1138 4384 1292 4475 exhibet,
1317 4392 1437 4464 nullam
1454 4391 1609 4484 spumam.

603 4490 657 4562 7⁰·
682 4472 804 4587 Oleum
828 4494 975 4587 raperem
999 4476 1188 4553 calefactum
1203 4486 1293 4574 ptius
1310 4489 1418 4561 calore
1439 4511 1499 4579 90.
1524 4493 1614 4590 grad.
1630 4497 1665 4568 in
1682 4501 1862 4592 recipiente
1874 4523 1977 4576 vetuo
1991 4503 2073 4580 mttl·

560 4583 607 4638 tas
627 4568 731 4679 bullas
755 4590 863 4682 aereas
887 4594 919 4642 tn
942 4571 1041 4646 eitum
1066 4581 1209 4671 evomit,
1243 4577 1464 4682 &inigniter
1492 4587 1635 4682 spumat,
1658 4599 1749 4689 ptius
1771 4597 1928 4689 calefeci,
1951 4621 1989 4674 ut
2009 4602 2074 4678 olei

560 4679 712 4732 tenncrtas
737 4685 942 4740 minueretur.

613 4759 664 4831 80.
690 4759 812 4832 Oleum
836 4763 1077 4878 Terebinthinae
1102 4773 1148 4845 est
1169 4775 1255 4852 utitis
1276 4777 1510 4872 pleniliimum,
1534 4786 1805 4886 vehementerque
1825 4799 1861 4870 in
1885 4822 1990 4874 vacuo
2004 4799 2074 4892 spu·

558 4875 643 4932 mut:
670 4857 790 4954 spumae
811 4880 936 4956 partes,
957 4868 1035 4942 ae're
1051 4871 1220 4966 evolante,
1244 4876 1435 4975 franguntur
1455 4882 1620 4978 celeriter,
1645 4911 1707 4965 nec
1730 4892 1788 4966 diu
1808 4895 1964 4991 perstant.

1955 5073 2077 5152 fluide
