4992 6767
560 673 649 776 ω,
955 634 1020 766 Ὦ,
1090 652 1129 737 E
1238 646 1301 750 fn
1371 639 1420 730 l
1502 641 1567 728 R'·
1624 643 1691 725 Er·

558 879 601 934 tc
697 858 706 875 '
745 851 864 952 ‚friget
883 869 961 922 cura
980 845 1116 920 formari
1138 842 1282 933 incipit,
1313 836 1354 907 ad
1386 832 1498 947 a'e'rem
1529 833 1694 908 calentem
1716 839 1754 940 in
1775 843 1882 916 vitreo
1906 846 2011 936 tubo,
2034 856 2096 946 qui

555 945 719 1049 liquefieri
741 945 882 1043 incipit,
913 948 960 1018 uti
1000 966 1013 1015 1
1051 942 1091 1013 ad
1127 961 1159 1033 3.
1193 959 1268 1009 cunr
1304 952 1424 1020 nempe
1444 952 1502 1005 aer
1527 928 1563 1001 δι
1589 934 1688 1004 tubus
1714 945 1942 1024 cratomniuo
1967 948 2093 1024 siccut:

562 1053 696 1127 Robins
717 1054 751 1122 in
773 1045 933 1140 catapulta
951 1042 1054 1114 ferrea
1075 1037 1218 1134 fiigida,
1249 1031 1370 1104 deinde
1392 1031 1426 1098 in
1453 1031 1624 1103 candente·
1638 1034 1727 1105 alitis
1751 1039 1915 1112 volumina
1937 1044 2096 1119 observa?

561 1153 676 1228 rituti
702 1171 715 1220 r
744 1147 785 1217 ad
807 1168 841 1236 p
862 1143 950 1240 (a).
1001 1137 1035 1210 Si
1061 1155 1168 1206 autern
1193 1132 1393 1221 aliquantum
1417 1126 1570 1200 humidus
1594 1127 1692 1202 suerit
1715 1135 1793 1218 adr,
1818 1142 1947 1211 rarescit
1969 1146 2002 1212 in
2026 1166 2091 1216 vo·

562 1237 675 1324 lumen
701 1242 877 1315 duodecies
893 1235 1017 1329 majus,
1042 1237 1110 1303 imo
1132 1228 1239 1299 adhuc
1263 1226 1356 1317 plus,
1383 1247 1478 1317 quam
1502 1228 1537 1296 in
1563 1226 1645 1298 statu
1670 1232 1856 1323 incipientis
1880 1235 1993 1329 glaciei
2015 1240 2090 1312 sue·

561 1367 636 1417 rat:
665 1342 742 1414 idco
767 1335 962 1408 Mersennus
983 1334 1017 1400 in
1041 1324 1206 1416 AEolipila
1228 1325 1361 1414 capiens
1382 1325 1634 1417 experimenta,
1666 1331 1778 1401 ae'rem
1803 1336 1836 1401 in
1864 1332 1999 1422 spatium
2026 1356 2087 1427 70.
2113 1415 2115 1419 ,

405 1467 421 1484 ·
560 1444 663 1535 maJus
684 1431 859 1526 expansum
887 1424 1100 1519 deprehendit
1125 1422 1229 1516 (ὓς
1263 1420 1334 1491 haec
1366 1422 1586 1511 experimenta
1617 1446 1680 1516 pro
1716 1431 1802 1499 acris
1828 1428 2020 1502 humiditate
2048 1431 2083 1504 dr

479 1533 483 1539 ’
559 1539 701 1609 iiccitate
717 1547 879 1622 perpetuo
893 1521 1069 1607 differam
1096 1518 1372 1612 quemadmodum
1388 1517 1468 1592 olim
1488 1519 1587 1590 etiam
1612 1522 1817 1611 Stattcarius,
1843 1523 1880 1596 dt
1905 1525 1994 1599 dela
2018 1527 2081 1603 Hi-

562 1635 629 1704 rius
648 1629 689 1701 ab
715 1625 911 1718 experientia
933 1619 1116 1692 didicerunt
1139 1615 1161 1712 (
1191 1616 1225 1712 ).

606 1752 640 1853 ς.
664 1744 881 1827 MMCLXl.
906 1744 1089 1916 guaitam
1105 1744 1185 1830 fuit,
1208 1767 1249 1816 an
1265 1744 1326 1816 ae'r
1341 1742 1477 1816 omniuo
1499 1744 1551 1815 vel
1576 1763 1638 1834 pto
1663 1766 1755 1838 parte
1779 1747 1963 1822 elariicitate
1978 1752 2085 1824 orbari

558 1852 686 1949 polite,
717 1854 762 1923 ita
793 1866 830 1920 ut
861 1868 949 1939 quat
981 1844 1024 1915 ad
1051 1843 1241 1939 languorem
1275 1842 1419 1933 aliquem
1451 1839 1654 1911 reducatur?
1684 1842 1949 1943 Desagulien‘os
1973 1850 2084 1921 adrem

558 1951 708 2042 sclopeto
730 1948 939 2041 pneumatico
965 1940 1121 2012 inclusum
1145 1938 1218 2030 post
1240 1939 1410 2010 dimidium
1433 1957 1554 2007 annum
1578 1938 1656 2007 nihil
1679 1940 1721 2011 cle
1745 1944 1932 2015 eluilicitate
1947 1945 2083 2017 amistlle

557 2051 681 2122 invenit
708 2046 789 2139 (d)
810 2067 818 2112 ε
843 2042 924 2110 alios
949 2040 1036 2107 idem
1059 2038 1132 2127 post
1154 2057 1304 2119 annum,
1337 2035 1419 2105 alios
1442 2032 1515 2124 post
1540 2035 1659 2126 septem
1682 2058 1785 2110 annos
1809 2061 1964 2130 expertos
1989 2040 2084 2113 fuiiie

557 2148 680 2231 tradit,
718 2145 795 2232 quia
826 2141 921 2208 toties
950 2135 1069 2229 globus
1097 2136 1128 2204 vi
1160 2134 1230 2223 pari
1255 2131 1494 2224 explodebatur
1516 2153 1554 2203 ac
1574 2133 1615 2202 ab
1637 2135 1709 2205 aere
1731 2155 1879 2208 recenter
1901 2137 2079 2225 imprcffo:

555 2237 811 2313 Robbervallius
835 2233 903 2304 adri
927 2234 961 2301 in
988 2228 1132 2319 sclopeto
1155 2232 1365 2318 pneumatico
1395 2226 1611 2298 elaiiicitatem
1640 2232 1794 2323 integram
1826 2231 1994 2321 perstitirie
2024 2233 2075 2305 se·

460 2383 472 2416 a
558 2323 666 2412 decim
687 2356 792 2409 anuos
814 2329 981 2400 affirmavit
1004 2326 1089 2420 (e).
1139 2325 1205 2396 Sed
1232 2328 1344 2397 omnia
1361 2324 1434 2396 haec
1454 2328 1673 2416 experimenta
1692 2324 1783 2394 rudia
1807 2326 1906 2410 sunt,
1928 2346 1994 2396 nec
2017 2330 2080 2401 ali·

583 2433 659 2522 uid,
685 2431 777 2526 quod
800 2429 936 2499 omnino
963 2442 1087 2497 certum
1114 2422 1180 2505 est,
1208 2443 1249 2493 ex
1276 2425 1315 2492 iis
1339 2420 1491 2493 concludi
1516 2420 1647 2514 potest:
1672 2420 1748 2492 ideo
1773 2421 1863 2493 sumu
1889 2423 2007 2493 tubum
2031 2428 2082 2497 ui·

423 2511 460 2547 '⁹
490 2525 497 2544 '
558 2523 845 2607 treum'ABCD
874 2522 956 2594 ultra
979 2521 1101 2612 septem
1128 2521 1231 2611 pedes
1253 2520 1415 2614 longum,
1441 2518 1544 2612 qualis
1568 2517 1778 2611 amplioribus
1802 2519 2002 2590 Barometris
2019 2519 2081 2594 ser·

553 2615 1710 2808 iz‘tiilnii‘iilizininiterinzi‘tiritiiit
1731 2614 2081 2801 lalffilecfihi

552 2824 609 2912 aiir
628 2874 640 2907 ,
662 2822 719 2913 qui
743 2815 821 2890 effet
840 2817 875 2886 in
899 2811 967 2884 BA
996 2831 1091 2883 crure
1116 2813 1385 2902 interciperetur,
1407 2808 1443 2882 dt
1466 2814 1755 2901 comprimeretur,
1782 2811 1901 2884 deinde
1923 2812 2080 2902 impletus

551 2941 637 3015 puro
665 2914 836 2988 Mercurio
863 2906 898 2981 dr
922 2911 1007 2981 ficco
1030 2907 1091 2977 fuit
1115 2911 1211 2980 tubus
1234 2905 1341 2994 CD,
1373 2928 1477 3000 usquc
1501 2907 1543 2976 ad
1568 2907 1639 2989 M,
1671 2926 1707 2978 ut
1739 2906 1825 2978 CM
1857 2905 1931 2980 effer
1954 2905 1989 2980 6.
2013 2930 2076 2999 pe-

553 3015 653 3100 dum,
679 3014 789 3105 portio
816 3003 903 3080 NlD
928 3007 1024 3076 unius
1046 3003 1175 3094 pollicis
1199 3006 1391 3076 continebat
1415 3002 1623 3090 aerem-sed
1648 3007 1834 3077 extremitat
1859 3001 1976 3076 cubil)
1998 3004 2074 3080 het·

554 3115 674 3189 metice
699 3110 798 3192 etiarn
819 3101 880 3175 fuit
902 3099 1033 3173 clausa:
1067 3122 1249 3192 apparatus·
1266 3102 1319 3172 hic
1342 3099 1510 3191 impolitus
1534 3101 1686 3172 stridurae
1708 3101 1821 3176 ferrera
1845 3099 1934 3188 fuit,
1959 3099 1994 3175 dr
2018 3105 2076 3178 ed·

555 3230 688 3292 nexus,
722 3204 816 3274 locus
842 3198 873 3271 E
898 3197 961 3269 five
982 3219 1056 3269 vera
1081 3197 1218 3269 altitudo
1240 3195 1400 3269 Mercurii
1425 3199 1625 3283 notabatur,
1649 3197 1685 3269 dc
1709 3198 1752 3272 fic
1776 3199 1912 3293 spatium
1938 3199 2011 3274 nri
2034 3205 2079 3277 rb

551 3307 632 3382 aete
648 3320 864 3392 occupatum:
888 3296 979 3366 iimul
994 3294 1102 3380 calor,
1125 3298 1181 3385 qui
1197 3316 1267 3367 turn
1283 3316 1351 3367 erat
1368 3298 1401 3366 in
1426 3295 1526 3378 ae're,
1548 3295 1787 3369 adscribebamt
1810 3319 1856 3370 err
1873 3298 1963 3391 juxta
1984 3300 2072 3391 poli·

555 3417 591 3474 to
612 3399 866 3472 Thermometro
887 3391 1123 3478 Fahrenheitii3
1147 3391 1315 3481 pendebat
1334 3412 1503 3484 apparatus
1516 3413 1557 3464 ex
1573 3413 1687 3481 muro;
1712 3396 1969 3490 quotiescunque
1983 3397 2074 3472 idem
2162 3434 2165 3440 ·

550 3498 629 3573 eoeli
654 3516 722 3569 erat
743 3495 862 3580 calor,
895 3491 1031 3583 spatium
1056 3489 1097 3560 ab
1121 3488 1200 3561 aire
1222 3487 1295 3560 ΑΕ
1315 3509 1512 3582 occupatum
1535 3490 1698 3562 observavi
1718 3538 1730 3575 ,
1763 3492 1864 3584 idque
1887 3491 1950 3566 feci
1973 3493 2071 3590 spatio

550 3601 697 3692 quinque
721 3614 909 3676 annorum,
937 3588 1003 3682 jam
1028 3588 1086 3661 adr
1111 3589 1144 3657 in
1166 3584 1238 3657 ΑΕ
1261 3586 1323 3657 fuit
1347 3607 1366 3657 a
1386 3587 1533 3681 pondere
1558 3585 1644 3659 GM
1669 3585 1829 3663 Mercurii
1855 3592 2072 3688 comprellus,

549 3695 606 3770 lbd
625 3692 735 3787 elapso
756 3688 983 3781 quinquennio
1004 3683 1041 3755 dt
1063 3684 1221 3755 redeunte
1243 3687 1279 3756 in
1303 3683 1392 3756 coelo
1415 3688 1483 3779 pari
1508 3685 1617 3757 calore
1646 3685 1790 3780 spanum·
1813 3691 1857 3762 ab
1889 3692 1969 3766 a'e're
2003 3691 2070 3765 ΑΕ

548 3809 748 3883 occupatum
771 3784 833 3855 suit
858 3785 974 3854 idcmt
1000 3801 1067 3871 quo
1090 3799 1239 3874 tempore
1264 3781 1386 3853 coelum
1406 3801 1475 3854 erat
1496 3782 1657 3870 calidius,
1682 3784 1915 3878 spatium-AB
1939 3791 2073 3863 acreum

548 3890 610 3960 serit
633 3884 798 3978 amplius,
824 3898 970 3973 tempore
993 3876 1152 3974 frigidiori
1177 3878 1314 3971 spatium
1334 3877 1404 3949 ΛΕ
1425 3878 1486 3950 fuit
1510 3882 1640 3952 minus:
1665 3883 1749 3956 adeo
1773 3905 1809 3956 ur
1830 3887 1892 3958 adr
1916 3889 2000 3960 tubo
2024 3891 2075 3961 in·

548 3983 747 4070 clustanon
771 3980 929 4072 torpuerit
950 3975 1121 4071 languore.
1171 3974 1225 4047 Ex
1251 3973 1418 4047 nonnullis
1440 3978 1670 4071 experimentis
1693 3983 1837 4076 opinatus
1851 3980 1922 4054 ruit
1936 3982 2075 4057 Hatris·

480 4147 484 4152 .
548 4075 641 4175 bejus
664 4079 776 4152 a'e'rem
801 4071 984 4170 compressu
1008 4071 1051 4143 ad
1070 4072 1263 4171 languorem
1287 4070 1377 4168 polle
1402 4073 1540 4147 reducit
1573 4096 1649 4147 curn
1673 4079 1759 4150 enim
1790 4081 1825 4152 irt
1854 4077 1926 4150 vase
1950 4100 2070 4171 aeueo,

548 4176 640 4273 quod
661 4175 746 4250 fonti
772 4174 885 4247 servite
909 4172 1016 4257 solet,
1040 4171 1099 4244 adr
1119 4173 1342 4265 imprimitur,
1367 4171 1566 4264 aliquamdiu
1590 4175 1804 4249 condentum
1826 4195 1961 4263 maneta
1996 4199 2070 4252 tum

547 4294 660 4373 aperto
681 4275 781 4348 fontis
803 4270 974 4363 epistomio
997 4289 1081 4360 aqua
1105 4270 1285 4364 expellatur
1303 4272 1345 4343 ab
1366 4271 1463 4356 aere,
1490 4267 1525 4342 dt
1549 4272 1608 4344 a'e‘r
1633 4272 1726 4345 limul
1750 4293 1864 4368 aare,
1886 4278 1944 4368 qui
1967 4276 2069 4364 velit,

548 4391 627 4450 nox
651 4371 820 4447 modam
842 4364 1065 4462 epiriomium,
1091 4362 1129 4439 dc
1150 4367 1279 4463 aliquot
1299 4366 1499 4466 exspecietru
1520 4372 1673 4465 minuta,
1697 4391 1741 4448 ex
1763 4393 1879 4469 aperto.
1899 4371 2079 4471 epistornio

556 4493 596 4540 ἰι
644 4523 647 4528 ·
2014 4474 2076 4546 ite·

621 4658 680 4735 (ι)
701 4661 829 4730 neniam.
843 4664 956 4725 Robins
978 4664 1054 4725 Nera
1075 4663 1235 4743 principles
1257 4663 1452 4745 ‹af-(iutrnety
1473 4663 1529 4729 Cir.
1547 4684 1573 4732 r.
1594 4667 1683 4751 Ptop.
1701 4684 1729 4749 ς.
1748 4686 1814 4751 prg-
1833 4687 1890 4736 ra.

618 4740 684 4894 lb)
704 4739 870 4801 L’Hllloire
888 4743 924 4801 de
939 4744 1050 4805 l'Acad.
1066 4746 1144 4822 Roy.
1160 4744 1214 4805 llo.
1233 4748 1320 4816 Ποῦ.
1340 4763 1406 4825 pag.
1424 4761 1471 4823 12·

643 4817 867 4898 c)1²hilosoph.
889 4823 1034 4883 Transeat.
1057 4824 1113 4883 No.
1136 4838 1204 4897 ⁴54·
1225 4838 1291 4903 paq,
1314 4832 1381 4899 rro.

620 4896 681 4973 (d)
718 4898 893 4966 manmena
913 4901 1067 4964 Pmuurati
1085 4901 1176 4982 rrop.
1190 4916 1227 4978 tr
1261 4917 1328 4982 pag.
1347 4918 1414 4980 147.

620 4975 679 5064 (c)
765 4973 1619 5067 meimuoduqdaapseaoccprt
1717 5013 1735 5076 ,-
2002 4999 2007 5006 ·
