4992 6767
509 704 627 798 om
667 699 867 792 :mita
888 701 932 792 u
961 699 1001 790 o
1027 703 1115 792 ni
1145 703 1180 795 a
1215 706 1269 793 ..1
1293 699 1478 821 Qua
1506 699 1607 792 ist.
1730 660 1844 796 iola

377 904 539 986 nubibus,
566 917 640 993 quae
665 901 744 976 sunt·
760 902 795 973 in
819 900 1019 973 intermedias
1034 904 1268 1002 regione-inter
1281 923 1420 991 teriam,
1438 899 1475 974 dc
1490 902 1660 997 regionem
1675 901 1838 991 nivalem,

381 1004 547 1093 inantque
571 1000 755 1076 adremad
773 998 859 1095 gelu,
875 999 1217 1091 dispuntan1,=euam
1249 1008 1285 1077 in
1312 1003 1419 1076 nivem
1449 1021 1626 1074 vertuntur.
1675 999 1740 1071 Sed
1766 1022 1842 1090 qua

398 1105 468 1174 'erit
494 1104 527 1171 in
550 1103 686 1197 regione
709 1099 886 1185 nivali,·in
907 1120 1020 1192 eaque·
1035 1123 1163 1186 manet,
1187 1106 1233 1174 uti
1257 1103 1486 1178 in-verticibus
1508 1099 1728 1171 altissimorum
1744 1107 1841 1170 m'on·

442 1200 566 1290 semper
586 1218 715 1281 manet,
741 1220 970 1289 necunquam
994 1201 1191 1274 refundimi:
1217 1203 1294 1271 ideo
1316 1204 1485 1271 cacumina
1504 1199 1645 1271 altorum
1675 1200 1846 1270 montium·

448 1297 598 1467 irugnestaid
619 1296 746 1388 aliquot
770 1317 944 1369 centenum
969 1301 1091 1392 pedum
1114 1300 1315 1373 altitudinem
1348 1301 1501 1396 obtegit,
1535 1297 1571 1368 dt
1601 1317 1768 1390 nunquam
1799 1311 1841 1366 ext

481 1418 499 1465 a
569 1445 579 1465 .
899 1453 901 1458 .
1045 1453 1048 1458 .
1676 1441 1680 1450 .

498 1526 694 1602 iccccn.
718 1527 918 1600 Flaccorum
941 1529 1053 1625 figurae
1071 1531 1245 1619 differunt,
1274 1534 1410 1628 suntque
1428 1534 1612 1631 regulares,
1633 1533 1686 1605 vel
1708 1553 1842 1605 anoma-

521 1629 575 1774 60
599 1627 671 1697 suiit
697 1630 809 1718 primae
833 1649 991 1718 vaporum
1017 1631 1207 1719 particula,
1240 1656 1314 1722 quae
1339 1657 1413 1705 cuin
1437 1637 1549 1726 paucis
1571 1633 1639 1703 aliis
1668 1632 1845 1726 congelan-

574 1726 766 1799 aemulantur
790 1746 947 1811 tenuem,
974 1725 1159 1817 siccumque
1184 1728 1370 1818 pulvereni,
1397 1731 1527 1823 qualem
1549 1733 1583 1801 in
1600 1726 1774 1821 Lapponia
1797 1731 1846 1800 ni·

564 1829 601 1894 =it
631 1823 916 1913 Maup'eituisius,
952 1819 986 1892 ὅ(
1022 1827 1055 1894 iii
1088 1828 1238 1895 America
1270 1826 1533 1918 Septemtrionali
1564 1848 1671 1918 prope
1710 1827 1848 1900 fluvium

587 1923 730 1992 iletonus
757 1922 847 2015 (a).
896 1920 933 1991 lii
958 1919 1071 1991 Insulae
1092 1924 1190 2016 regiae
1216 1925 1297 1992 urbe
1326 1921 1537 2019 Louisbourg
1572 1923 1762 2015 Chablet(
1803 1926 1848 2016 ),

612 2021 742 2111 drerie,
768 2019 944 2089 admodum
969 2018 1116 2116 angustas
1141 2018 1349 2091 fenestrarum
1377 2024 1472 2091 rimas
1485 2040 1667 2187 germem,
1700 2022 1850 2111 objecto·

633 2139 674 2185 m
701 2119 798 2186 visum
824 2120 952 2201 turbat,
978 2117 1094 2187 oculos
1119 2116 1328 2188 vehementer
1350 2118 1460 2201 laedit,
1544 2140 1563 2188 a
1589 2136 1710 2207 vapore
1733 2137 1851 2207 parum

656 2234 688 2283 Ὁ
711 2215 838 2283 videtur
857 2213 1021 2294 formari,
1054 2231 1129 2278 cum
1154 2232 1213 2300 per
1231 2213 1314 2280 hanc
1341 2218 1450 2282 nivein
1485 2214 1544 2282 Sol
1574 2213 1659 2300 saepe
1689 2213 1774 2284 clare
1800 2215 1851 2288 lu·

605 2332 678 2375 ..iiia
704 2311 830 2374 raritate
858 2308 890 2373 in
915 2307 976 2375 hac
1000 2309 1074 2375 nive
1095 2307 1136 2375 ad
1163 2307 1364 2378 altitudinem
1391 2333 1415 2399 4
1440 2308 1493 2380 vel
1519 2328 1540 2398 5
1566 2308 1690 2398 pedum
1713 2311 1852 2381 decidua

461 2409 598 2472 ..cedere
633 2402 765 2492 potest:
800 2424 936 2491 vapores
964 2404 1100 2473 nubium
1132 2404 1217 2473 adeo
1249 2406 1396 2476 celeriter
1428 2409 1462 2477 in
1497 2406 1635 2501 glaciem
1663 2422 1852 2492 vertuntur,

325 2523 511 2593 ¹aiuntque,
544 2520 581 2568 ut
611 2502 643 2568 in
671 2499 829 2569 slocculos
852 2502 998 2573 codundi
1023 2522 1152 2593 tempus
1177 2525 1245 2574 non
1271 2502 1402 2594 supersit
1430 2503 1505 2595 (c).
1554 2502 1746 2592 Aliquando
1770 2506 1853 2576 nivis

326 2602 460 2675 flocculi
487 2597 557 2667 sunt
578 2595 699 2685 spicula
725 2600 832 2666 tenuia
855 2599 1000 2693 oblonga
1025 2600 1109 2674 AB.
1135 2623 1208 2691 quae
1233 2621 1473 2672 concreverunt
1498 2619 1621 2670 rantum
1647 2622 1688 2670 ex
1712 2603 1854 2690 particu-

326 2703 365 2771 lis
388 2696 552 2787 vaporosis
579 2694 653 2788 Fig.
676 2719 707 2765 2.
735 2700 768 2764 in
790 2695 911 2765 lineam
934 2700 1053 2767 restam
1077 2698 1256 2788 dispositis,
1278 2721 1376 2789 atque
1397 2702 1440 2767 ita
1464 2701 1496 2767 in
1522 2699 1554 2767 se
1571 2696 1739 2781 deciduis,
1765 2719 1942 2781 acet-'Tam

326 2799 495 2884 vatisque:
532 2792 638 2861 sisitu
658 2793 833 2862 admodum
866 2795 1051 2864 inordinato
1083 2796 1206 2882 spicula
1236 2796 1323 2865 inse
1351 2796 1506 2888 jaceant,
1541 2790 1576 2862 δι
1607 2793 1660 2862 hic
1683 2796 1943 2880 breviorem.

327 2897 372 2964 ibi
394 2894 543 2986 longiora
565 2887 707 2971 suerint,
734 2896 1046 2980 concreverintque,
1074 2891 1238 2964 flocculus
1259 2896 1341 2962 nivis
1361 2891 1530 2961 anomalus
1546 2889 1703 2961 efficitur:
1731 2890 1784 2959 sed
1806 2914 1857 2962 re·

323 2990 452 3085 gulaies
478 2986 609 3059 flocculi
633 2986 809 3075 aliquando
830 2987 970 3082 effigiem
992 2988 1089 3059 stellae
1114 2990 1297 3083 hexagona
1330 2990 1492 3058 radiorum
1517 2991 1691 3071 tenuium,
1716 2987 1856 3083 angulos

326 3090 374 3160 60
398 3086 554 3182 graduum
580 3083 930 3173 comprehendentium
957 3085 1136 3164 exhibent,
1170 3090 1216 3155 uti
1239 3089 1274 3154 in
1301 3084 1373 3179 Fig.
1393 3106 1424 3175 3.
1448 3105 1525 3153 cum
1552 3087 1610 3152 tria
1638 3084 1758 3173 spicula
1785 3085 1862 3156 AB·

324 3182 400 3280 Fig.
424 3207 454 3255 i.
487 3187 520 3253 in
553 3182 584 3251 se
612 3202 728 3250 mutuo
758 3180 906 3264 cadunt,
938 3202 1233 3271 concrescuntque.
1294 3181 1483 3271 Aliquando
1514 3182 1570 3249 nix
1595 3180 1642 3249 esi
1665 3178 1856 3256 Liliisormis

322 3281 396 3377 Fig.
416 3307 449 3372 4.
474 3277 656 3373 hexongula
680 3298 811 3348 tamen:
844 3277 1023 3367 aliquando
1049 3280 1247 3369 quilibetex
1271 3277 1323 3347 sex
1347 3279 1470 3361 radiis,
1502 3278 1571 3347 aliis
1594 3277 1726 3346 radiosis
1749 3281 1857 3349 mino

324 3380 412 3449 ribus
442 3398 574 3448 ornatur
606 3374 679 3469 Fig.
709 3396 742 3465 5.
794 3372 871 3442 Vidi
894 3377 1024 3454 nivem,
1043 3375 1134 3465 cujus
1155 3375 1259 3469 figura
1285 3395 1353 3444 erat
1379 3378 1428 3449 uti
1459 3379 1490 3445 in
1524 3373 1598 3467 Fig.
1616 3374 1649 3445 6.
1681 3375 1857 3466 aliquando

325 3474 456 3548 flocculi
478 3493 627 3542 racemos
649 3471 850 3549 retulerunt,
876 3468 949 3557 Fig.
964 3488 999 3555 7.
1025 3472 1154 3556 qualem
1176 3475 1284 3538 nivem
1300 3471 1447 3540 Callinus
1464 3472 1644 3541 observavit
1671 3472 1753 3562 (d),
1773 3496 1865 3547 non·-

326 3587 491 3653 nunquam
517 3562 636 3631 Stellae
651 3561 829 3627 duodecim
852 3559 1015 3626 radiorum
1038 3562 1246 3650 ceciderunt,
1274 3567 1342 3630 imo
1359 3562 1392 3630 de
1411 3566 1542 3633 aliatum
1562 3566 1757 3660 figuratum,
1776 3592 1864 3660 quas·-
1982 3596 1987 3604 ·

328 3665 494 3757 eleganter
521 3654 670 3740 exhibuit
698 3650 851 3723 Hookius
877 3652 974 3747 (e),
1008 3674 1076 3725 tuin
1101 3655 1227 3726 fomes
1256 3656 1441 3754 Maisiglius
1468 3659 1557 3756 (f).
1608 3658 1722 3736 Neino
1749 3687 1865 3739 autem.

327 3762 437 3856 plures
462 3753 617 3848 collegit,
643 3744 679 3821 'dt
703 3750 880 3846 depinxit,
913 3774 1010 3842 quain
1038 3751 1222 3850 Engelman
1256 3755 1356 3853 (g),
1383 3754 1418 3827 δι
1445 3756 1557 3831 Nettis
1574 3756 1665 3852 (h),
1716 3763 1782 3833 Sed
1804 3764 1860 3834 lu.

330 3862 400 3933 buit
423 3853 616 3937 adnectere,
640 3867 720 3939 quas
742 3844 861 3935 hyeme
888 3846 1045 3918 saevifflma
1068 3851 1157 3920 Anni
1181 3872 1192 3920 i
1199 3870 1284 3943 740.
1310 3852 1526 3953 Medioburgi
1551 3860 1585 3927 in
1601 3856 1775 3929 Zeelandia
1793 3862 1863 3934 ob·-

327 3956 481 4032 servavit,
514 3946 550 4019 &
581 3964 729 4017 accurate
759 3940 934 4015 delineavit
956 3942 997 4016 L·
1021 3947 1170 4026 Stokke,
1206 3948 1261 4021 M
1280 3948 1326 4020 D·
1353 3950 1466 4025 Plures
1489 3977 1556 4026 tum
1588 3953 1761 4042 similium,
1787 3979 1865 4034 tum

328 4037 461 4127 aliarum
485 4046 660 4239 figuigrkugi
673 4039 813 4142 floccos
833 4037 891 4138 Cl.
906 4035 1148 4117 Kundmannus
1170 4047 1325 4144 collegit,
1347 4049 1576 4146 descripsitque
1602 4053 1684 4149 (i),
1710 4075 1777 4127 tum
1800 4056 1861 4132 ci.

328 4151 538 4227 Holmannus
646 4191 656 4212 ·
1859 4179 1863 4212 τ

342 4343 350 4382 ·’
398 4343 456 4421 (ι)
475 4337 585 4404 iniri.
602 4334 759 4401 'l'iiiisim
777 4332 838 4399 No.
853 4343 924 4411 46ς.
945 4333 1018 4397 ains
1038 4337 1159 4415 voyage
1173 4348 1206 4398 to
1219 4335 1357 4405 Hudsotia
1369 4341 1438 4418 baa.

397 4426 461 4500 (6)
479 4426 608 4498 vome
618 4419 666 4479 siin
678 4420 721 4481 len
736 4419 829 4479 cotta
844 4414 882 4476 de
895 4413 1078 4494 l'hmetique
1092 4433 1158 4496 pag.
1177 4432 1245 4493 10³·
1419 4429 1422 4434 ·

401 4505 458 4581 (a)
477 4503 664 4577 Meminit
675 4498 819 4576 ingunde
835 4497 863 4557 la
876 4497 981 4558 Tere
991 4514 1058 4575 pag.
1074 4513 1124 4571 4⁹·

403 4582 466 4657 (d)
486 4579 651 4640 Memoirer
667 4577 705 4639 de
721 4576 833 4641 l'ilcad.
850 4576 932 4653 Ray.
954 4576 1008 4637 ho.
1026 4584 1112 4651 1692.

347 4653 460 4739 ¹''s-t)
483 4659 684 4736 Mietogiaph.
706 4676 772 4736 pag.
790 4663 837 4722 88.

404 4738 463 4818 (f)
485 4737 568 4814 Opus
584 4737 621 4796 de
640 4739 784 4799 Danubio.
808 4738 878 4796 Vol.
895 4744 925 4799 6.

406 4822 469 4899 (g)
490 4816 712 4893 Veihaadeling
732 4836 807 4879 ovet
828 4816 864 4877 de
884 4817 1010 4880 Sneeuvi
1025 4816 1147 4895 figurem

407 4898 460 4975 (li)
483 4896 589 4957 Philus.
613 4898 714 4959 Trans.
736 4897 807 4958 Vol.
821 4914 870 4970 49.
893 4909 1012 4974 parta.
1034 4918 1100 4976 pag.
1116 4905 1184 4973 ⁶⁴⁴»

427 4979 460 5052 ι’)
479 4977 603 5037 Ratiotr
624 4977 732 5039 Natat.
754 4976 782 5038 a
805 4977 885 5038 Attis
907 4977 938 5041 S.
959 4996 987 5039 a.
1010 4978 1049 5040 Δ.
1063 4993 1112 5040 ai.
1166 4994 1171 5004 ·

422 5057 462 5135 it)
483 5057 654 5124 &muno
674 5057 811 5137 Gottiog.
832 5055 904 5121 voi.
923 5071 954 5130 ³·
971 5073 1041 5138 pag.
1056 5074 1108 5135 24·
1285 5087 1289 5092 -

1098 5131 1167 5213 Nn
1189 5152 1244 5214 nn
1267 5153 1322 5211 nn
1347 5153 1371 5205 a

1733 4246 1858 4342 Levdae
