4992 6767
630 693 884 792 ,srva
933 694 1083 788 tua.
1158 655 1536 789 vania-ta.
1571 699 1607 776 ;:
1742 715 1855 814 aaut

329 919 444 991 adrem
465 904 561 999 hujus
583 902 726 999 regionis
748 894 854 969 multo
877 896 1231 983 ministrarentur,
1265 901 1451 987 invertitur,
1487 899 1648 973 contraria
1669 897 1849 977 martion,

331 1013 463 1108 pellitur
489 1000 641 1076 occasum
668 995 801 1080 versus,
834 1013 932 1084 atque
963 998 1061 1066 etna:
1084 1017 1225 1068 mutatur
1245 1000 1280 1068 in
1311 996 1470 1070 Africum.
1526 998 1727 1095 Nigrinum,
1757 1004 1850 1095 ,0310

331 1133 400 1184 non
425 1106 523 1177 habet
549 1098 652 1170 solum
675 1117 695 1165 a
721 1091 851 1163 Guinea
875 1094 1056 1186 diversum,
1080 1115 1178 1178 nam,
1199 1113 1335 1165 notante
1356 1095 1530 1182 Adanson,
1553 1117 1651 1168 arena
1680 1099 1848 1168 commum

332 1204 523 1299 tempestate
539 1196 635 1270 scalet
648 1190 750 1290 gradu
775 1191 824 1261 60
848 1193 882 1260 in
895 1187 975 1261 scala
990 1191 1202 1278 Reaumutii‚
1220 1193 1284 1263 sive
1313 1193 1380 1263 166
1404 1215 1452 1288 gr.
1478 1197 1512 1265 itt
1537 1194 1618 1266 scala
1636 1192 1850 1285 Fahrenbey·

331 1311 386 1378 tii:
413 1308 481 1373 imo
501 1299 557 1369 air
578 1297 611 1365 in
638 1287 777 1386 stregai
798 1291 832 1359 in
853 1287 931 1358 loco
959 1290 1115 1361 umbroso
1137 1289 1221 1362 calet
1251 1312 1318 1360 tto
1350 1292 1438 1385 grad.
1475 1295 1508 1362 in
1534 1292 1614 1362 scala
1640 1289 1848 1381 Fahrenhey.

331 1410 415 1475 tiana
441 1400 492 1493 (a
504 1398 536 1490 ).
586 1391 653 1463 Sed
672 1392 707 1461 in
723 1390 839 1458 itinere
859 1385 902 1455 ad
918 1384 1032 1458 l'odor
1047 1389 1188 1459 calorem
1212 1390 1294 1458 airis
1319 1388 1496 1461 observavit
1521 1409 1566 1481 45
1591 1379 1682 1485 grad.¹
1701 1391 1735 1459 in
1753 1388 1846 1462 Scala

331 1498 544 1576 Relumuffir
568 1491 627 1582 ‘lui
655 1485 702 1558 ‘st
731 1504 799 1576 ι34
830 1506 880 1580 gr·
914 1485 949 1555 in
985 1483 1066 1555 scala
1098 1484 1344 1570 Fahrenheitli,
1376 1486 1466 1557 calor
1494 1490 1597 1557 noctu
1627 1505 1694 1557 erat
1724 1487 1847 1559 ibidem

336 1622 403 1689 ¹04
429 1617 477 1691 gr.
503 1593 581 1661 ideo
602 1587 698 1657 etiam
729 1585 785 1653 air
812 1584 928 1651 oceani
958 1581 1099 1654 atlantici
1129 1583 1171 1651 ad
1204 1584 1274 1653 haec
1306 1583 1414 1654 littora
1442 1584 1603 1676 pelletur:
1638 1586 1680 1652 ita
1706 1603 1774 1653 non
1798 1588 1846 1654 Α.

327 1698 445 1788 quilo,
470 1690 525 1761 sed
550 1686 659 1758 Corus
681 1684 723 1753 ab
745 1677 845 1751 insula
867 1674 1041 1749 Palma'ad
1066 1678 1174 1763 littora
1199 1679 1451 1775 Billedulgerid,
1469 1677 1504 1751 dt
1524 1680 1724 1776 Nigritarum
1745 1678 1846 1751 flabit.

382 1792 419 1863 ln
444 1786 547 1859 lnsula
569 1778 699 1855 Sanbiae
722 1776 861 1863 Crucis,
882 1775 1009 1866 jacente
1034 1773 1089 1846 sub
1115 1775 1282 1844 latitudine
1312 1795 1354 1868 17
1385 1799 1433 1872 gr.
1455 1778 1548 1868 Sept.
1576 1780 1735 1847 maximus
1759 1776 1846 1849 Solis

330 1891 425 1962 ardor
454 1883 617 1957 menstbus
638 1876 751 1971 Julio,
774 1872 810 1945 ἃ
832 1871 982 1968 Augtrsto
1006 1874 1154 1969 ingruit,
1185 1872 1304 1963 quibus
1331 1875 1426 1943 etiam
1451 1878 1538 1946 venti
1553 1871 1617 1959 ,δι
1641 1872 1845 1964 tempestates

332 1991 463 2081 surgunt
489 1982 576 2076 (l).
863 2025 867 2034 .

382 2108 412 2203 §.
439 2094 689 2176 MMDLXlll.
716 2092 931 2165 Meminimus
955 2107 1089 2180 quoque
1115 2085 1180 2156 loci
1204 2087 1237 2155 in
1263 2083 1403 2155 Oceano
1432 2084 1598 2157 Atlantico
1630 2088 1713 2159 inter
1741 2084 1848 2159 latitu.

333 2208 440 2275 dinem
464 2204 597 2269 boream
628 2216 670 2263 10
697 2187 732 2262 &
760 2188 987 2349 4graduum,
1020 2187 1052 2250 in
1080 2203 1147 2269 quo
1174 2181 1316 2250 malaciae
1346 2178 1381 2250 dt
1405 2182 1583 2270 procella:
1610 2183 1668 2254 Ell
1690 2184 1764 2264 hic,
1788 2183 1848 2255 ubi

330 2308 412 2372 inter
438 2315 569 2369 ventum
595 2286 781 2383 generalem
839 2279 1025 2355 rientalem,
1051 2274 1086 2345 dt
1108 2279 1191 2348 inter
1211 2275 1360 2347 Africum
1384 2278 1425 2346 ad
1449 2275 1611 2349 Gulncam
1638 2281 1847 2365 tendentem,

328 2401 422 2469 datur
447 2389 684 2481 aequilibrium,
709 2379 860 2468 adeoque
876 2376 963 2446 airis
985 2378 1093 2465 quies:
1119 2373 1329 2472 nihilominus
1350 2396 1425 2444 cum
1446 2376 1640 2448 creberrima
1664 2377 1717 2446 hic
1738 2373 1848 2447 fulmi-

329 2519 391 2576 na,
421 2487 456 2561 &
481 2486 622 2556 tonitrua
652 2476 879 2561 observentur,
905 2474 1008 2544 nubes
1032 2471 1086 2540 hic
1109 2491 1305 2567 prognatae,
1333 2471 1385 2543 vel
1409 2470 1549 2563 appulsae
1575 2476 1760 2560 materiam,
1785 2472 1849 2544 ssva

330 2593 537 2665 fulmineam,
572 2579 634 2649 five
663 2574 875 2654 eleslricam,
908 2590 1107 2661 quocunque
1135 2569 1212 2640 loco
1245 2572 1473 2664 progenitam,
1506 2572 1749 2656 continebunt;
1774 2591 1849 2661 quae

332 2709 443 2769 mota,
475 2676 632 2759 incensa,
663 2669 831 2764 displosa,
862 2688 950 2740 nuuc
975 2686 1090 2738 ventos
1118 2668 1151 2736 in
1174 2666 1258 2736 banc
1285 2668 1437 2761 plagam,
1460 2687 1538 2737 mox
1562 2672 1597 2738 in
1618 2668 1713 2740 aliam
1735 2689 1851 2757 quam·

331 2804 462 2873 cunque
485 2777 654 2869 spirantes,
682 2767 856 2839 suscitabit:
883 2766 992 2835 donec
1014 2762 1201 2847 consumta,
1226 2763 1278 2833 vel
1294 2762 1425 2853 explosa
1445 2764 1594 2835 eleslrica
1615 2767 1769 2851 materia,
1792 2784 1858 2837 aut·

332 2882 474 2953 nubibus
505 2869 665 2966 propulsis
689 2866 846 2937 eleslricis
871 2861 992 2935 coelum
1015 2862 1057 2931 ad
1082 2860 1342 2951 tranquillitatem
1368 2860 1485 2932 iterum
1505 2860 1626 2932 redeat.

404 3063 414 3083 .
439 2998 691 3079 MNIDLXlV.
725 2998 856 3071 Interim
879 2997 984 3068 nubes
1005 3017 1024 3065 a
1044 3016 1142 3068 vento
1165 2996 1307 3087 genemli
1337 2992 1585 3065 deferunturad
1606 2994 1694 3068 hunc
1716 2995 1846 3082 locum,

331 3133 368 3184 ut
393 3108 428 3180 dt
454 3100 544 3174 ssmul
568 3100 637 3167 aliae
660 3114 701 3163 ex
724 3095 867 3161 Oceano
887 3091 1097 3180 AEthyopico
1121 3090 1253 3159 clevatae
1274 3088 1338 3158 huc
1360 3088 1550 3170 confluunt,
1574 3091 1673 3180 pulsae
1694 3097 1736 3165 ab
1760 3095 1848 3168 Afri-

330 3231 396 3280 co:
429 3202 500 3274 nliae
521 3200 553 3269 in
576 3194 715 3265 Oceano
739 3186 908 3258 Atlantico
938 3204 1022 3255 natae
1046 3185 1111 3255 huc
1135 3206 1153 3253 a
1177 3184 1272 3255 Coro
1296 3183 1564 3255 accumulantur:
1589 3185 1666 3257 ideo
1694 3193 1798 3264 nubes
1828 3213 1849 3265 a

328 3306 432 3378 ventis
458 3292 656 3368 adversarum
687 3286 903 3358 direslionutn
935 3281 1073 3354 densatae
1105 3284 1138 3353 in
1168 3281 1310 3372 pluviam
1338 3299 1531 3377 coguntur,
1566 3302 1639 3371 quae
1671 3285 1849 3363 denstffima

330 3423 398 3475 tum
422 3399 480 3481 fit,
502 3393 705 3477 labiturque,
730 3406 806 3455 cum
828 3381 963 3452 fulmina
986 3381 1092 3451 nubes
1115 3379 1337 3450 vehementius
1358 3378 1465 3448 adhuc
1494 3377 1728 3468 conquassant,
1756 3382 1790 3456 δι
1813 3387 1851 3462 iti

327 3497 441 3569 densas
463 3490 569 3559 moles
591 3483 829 3569 compingunt,
855 3476 1014 3563 quaejam
1039 3474 1249 3566 gracillima,
1282 3495 1343 3543 nec
1367 3474 1506 3562 amplius
1531 3476 1573 3543 ab
1595 3478 1672 3550 ae're
1696 3480 1849 3558 sustenta·

330 3616 392 3674 rae,
409 3586 496 3677 quast
517 3579 648 3672 agmine
672 3572 778 3654 fado,
801 3568 951 3637 deorsum
974 3587 1095 3651 ruunt,
1119 3587 1217 3658 atque
1239 3571 1284 3637 ita
1309 3569 1428 3639 imbres
1455 3571 1611 3639 urceatim
1634 3596 1654 3643 e
1683 3578 1771 3649 coelo
1797 3581 1847 3654 di·-

329 3690 412 3761 mitti
437 3682 596 3752 videntur.
1835 3695 1844 3710 ι

380 3784 468 3853 Inter
484 3771 627 3869 'gradum
653 3760 762 3839 26&
798 3777 844 3854 37
877 3759 1053 3834 latitudinis
1086 3760 1268 3847 Australis,
1300 3760 1342 3832 ab
1370 3759 1481 3835 insulis
1513 3759 1640 3838 Tristan
1672 3763 1847 3845 d’rlcunha

331 3885 435 3978 (qun¹
454 3874 563 3966 jacent
585 3864 831 3959 inlongit15.
856 3857 947 3955 grad.
965 3860 1013 3936 ¹ad
1038 3860 1161 3947 ortum)
1189 3880 1293 3951 usque
1313 3859 1354 3930 ad
1369 3863 1632 3951 promontorium
1646 3861 1751 3940 Bona
1767 3858 1848 3961 Μ

332 3982 450 4072 spirant
467 3968 556 4043 venti
578 3958 796 4035 ocddentales
820 3954 930 4027 mense
954 3953 1080 4047 Mayo,
1104 3955 1227 4049 Junio,
1251 3953 1362 4049 Julio,
1388 3957 1561 4054 Augusto,
1586 3963 1644 4051 qui
1669 3959 1847 4041 suntmen·

331 4081 378 4150 ses
402 4075 446 4142 ibi
467 4064 622 4155 hyberni:
654 4077 767 4131 verum
789 4051 899 4126 mense
925 4049 1132 4139 Decembri,
1155 4052 1335 4145 Januario,
1358 4049 1393 4124 &
1418 4054 1597 4127 Februario
1616 4063 1703 4129 venti
1727 4059 1846 4151 spirant

329 4167 496 4247 variabiles
521 4179 597 4234 cum
617 4153 769 4250 procellis
791 4153 994 4223 intermixtis.
1042 4148 1169 4223 Ventus
1193 4151 1403 4222 occidentalis
1426 4152 1528 4221 ambit
1548 4153 1590 4223 ab
1614 4173 1751 4245 utraque
1770 4178 1845 4250 par·

329 4293 363 4343 te
386 4262 513 4340 adversa
536 4254 799 4351 promontorium
822 4247 927 4320 Bonae
950 4248 1044 4340 Spei.
1835 4289 1839 4296 ,

403 4452 411 4469 .
434 4377 672 4469 MMDLXV.
694 4381 797 4458 Circa
813 4382 922 4453 littora
937 4379 1078 4455 Brasiliae
1091 4380 1238 4477 quadarn
1259 4381 1320 4452 alia
1342 4379 1502 4452 anomalia
1516 4380 1722 4470 observatur,
1748 4386 1804 4475 qui
1828 4421 1844 4439 ·

327 4522 373 4595 pe
396 4519 416 4567 a
436 4485 543 4564 mense
567 4480 693 4574 Aprili,
720 4478 856 4553 &inde
884 4479 1099 4569 aliquousque
1123 4480 1178 4550 flat
1204 4475 1362 4547 Africus:
1395 4495 1414 4546 a
1444 4475 1553 4547 mense
1575 4475 1784 4572 Septembri,

325 4601 484 4685 deinceps
506 4581 564 4657 flat
587 4575 722 4673 nqotlo.
771 4573 818 4649 Hi
837 4573 927 4651 venti
952 4571 1025 4648 sunt
1046 4581 1149 4675 magis
1170 4573 1415 4662 inconstantes,
1441 4568 1476 4647 &
1500 4575 1715 4675 irregulares,
1741 4573 1845 4751 qm

403 4880 465 4962 (ι)
484 4878 621 4944 Auaron
640 4874 764 4951 Voytge
789 4888 827 4934 au
854 4830 1295 4951 aenugu.1’rencepng..⁶,
1317 4885 1373 4950 ²1:
1399 4874 1447 4939 81.
1470 4884 1537 4948 131.
1652 4887 1655 4894 .

403 4963 466 5045 (ὗ)
483 4961 556 5029 A&
573 4952 714 5037 Uillius·
733 4952 790 5024 Aa·
813 4958 903 5030 lisa·
922 4951 1004 5032 arpa
1026 4970 1093 5127 erg.
1115 4957 1183 5027 508.

1075 5075 1095 5128 Ζ
1118 5076 1166 5131 ΖΖ
1188 5075 1237 5134 ΖΖ
1263 5078 1286 5128 2
