4992 6767
541 643 630 749 ma
813 617 1761 722 unaucuauunucnn

598 835 839 924 Concipiantur
860 829 930 900 duo
951 847 1091 920 corpora
1115 823 1147 893 Α
1172 819 1207 893 &
1232 823 1291 905 Z,
1320 821 1438 911 quibus
1463 816 1616 889 differunt
1641 821 1723 891 uires
1748 819 1975 904 attrahentes,
2003 838 2076 908 qaae

550 953 708 1009 vocentur
732 928 791 1012 V,
816 953 853 1000 v.
876 926 1055 999 celeritates
1080 942 1122 994 ex
1141 922 1189 992 his
1210 921 1388 1029 oriundae,
1423 918 1482 988 sint
1509 917 1569 1002 C,
1603 941 1629 989 c.
1679 917 1846 1011 Quoniam
1872 918 1944 989 CC
1969 916 2015 987 est
2039 915 2081 984 ad

549 1033 1154 1126 cctzV.v.eritC,c::i‘V,
1181 1024 1324 1105 adalo.

602 1144 667 1217 Sed
690 1141 795 1210 radius
819 1139 902 1208 lueis
926 1135 980 1206 IC
1004 1135 1088 1204 adeo
1111 1132 1245 1221 oblique
1271 1130 1399 1221 illapsus
1421 1130 1614 1221 plerumque
1639 1151 1729 1202 totus
1752 1130 1921 1221 replicatur
1945 1134 2009 1201 avi
2030 1150 2084 1198 re-

552 1245 722 1338 pellente,
756 1259 829 1326 quae
864 1237 929 1303 exit
950 1254 991 1302 ex
1021 1231 1187 1319 iuperficie
1220 1229 1300 1297 AB.
1335 1231 1410 1298 ideo
1440 1228 1623 1316 Propulitio
1656 1252 1780 1300 tanturn
1815 1228 1924 1297 iocum
1959 1230 2082 1310 habet,

554 1340 687 1434 quando
714 1333 822 1405 radius
847 1331 900 1402 lC
924 1329 1050 1419 illapiirs
1071 1352 1139 1399 non
1163 1325 1328 1411 redditur,
1354 1327 1407 1395 i'ed
1428 1328 1541 1414 incipit
1566 1323 1709 1422 refringi.

601 1479 632 1577 q.
658 1468 885 1547 lllDCCXV.
912 1465 1080 1561 Quoniam
1106 1467 1153 1534 vis
1173 1464 1353 1549 attrahens,
1380 1487 1452 1554 quae
1479 1485 1520 1533 ex
1543 1468 1734 1554 corporibus
1760 1473 1845 1556 enit,
1871 1467 1917 1537 est
1943 1472 2085 1540 maxima

557 1581 593 1648 in
610 1573 796 1665 superficie,
814 1568 1059 1653 decrescitque,
1075 1584 1142 1650 quo
1159 1563 1229 1653 plus
1243 1565 1284 1631 ab
1306 1563 1358 1631 illa
1376 1560 1553 1644 recellerit,
1569 1583 1627 1650 per
1643 1565 1673 1653 §.
1698 1588 1809 1651 10103
1835 1585 2009 1656 antequam
2027 1568 2080 1637 lu·

557 1677 604 1744 cis
629 1673 735 1741 radius
755 1687 796 1736 ex
820 1664 930 1735 rariori
955 1661 1107 1731 Medium
1130 1660 1287 1742 deniius,
1322 1660 1372 1729 vel
1396 1681 1472 1731 cunr
1497 1681 1537 1727 ex
1562 1659 1699 1731 deniiori
1726 1663 1878 1734 ll'ledium
1906 1667 2004 1734 rarius
2031 1667 2080 1736 in·

425 1771 504 1835 Tib·
557 1771 741 1866 gredietur,
766 1769 798 1833 in
825 1763 908 1831 linea
928 1780 1023 1828 curva
1043 1759 1158 1850 exigua
1180 1755 1320 1840 seretur,
1348 1758 1465 1825 deinde
1489 1758 1578 1825 ailus
1604 1780 1758 1847 quantum
1786 1760 1889 1851 potest
1916 1762 1937 1832 a
1963 1765 1992 1829 ri
2018 1784 2081 1832 tra·

405 1850 674 1949 XXXVI·hente,
700 1865 818 1933 reiltun
843 1861 925 1926 uiam
946 1857 1090 1925 servabit.
1141 1855 1190 1923 Sit
1212 1857 1299 1922 enirn
1323 1856 1428 1923 radius
1455 1853 1574 1935 RAr,
1603 1859 1658 1944 qui
1674 1879 1713 1924 en
1742 1857 1860 1927 Medio
1885 1862 1990 1928 minus
2018 1881 2081 1930 tra-

441 1948 470 2008 ἶ·
495 1944 521 2001 ⁷·
556 1966 654 2035 hente
678 1960 727 2042 X,
755 1959 796 2027 ad
820 1953 1021 2044 superficiem
1044 1948 1121 2019 GG
1145 1950 1252 2019 ileon
1279 1954 1380 2045 inagis
1407 1950 1559 2021 trahentis
1584 1951 1613 2019 Z
1639 1955 1773 2044 oblique
1797 1955 1943 2037 feratur,
1970 1961 2080 2026 tenn-

554 2083 616 2134 nus
636 2055 832 2129 attraiiionis
856 2051 892 2120 sit
918 2049 1036 2130 niul,
1062 2069 1213 2138 operatur
1236 2051 1381 2116 atrraeiio
1406 2050 1438 2116 in
1468 2050 1560 2116 redis
1586 2050 1627 2117 ad
1654 2050 1852 2141 superficiem
1879 2052 1983 2122 GG:
2011 2053 2081 2125 lia·

554 2158 629 2228 dius
655 2153 794 2247 proinde
816 2149 889 2218 RA
916 2147 1044 2234 illapi'us
1066 2149 1099 2213 in
1121 2149 1185 2214 vini
1208 2145 1447 2229 attrahentem,
1482 2149 1570 2214 auia
1604 2146 1704 2217 liar
1728 2151 1760 2218 in
1786 2150 1879 2219 aliam
1905 2152 1996 2222 Aah
2021 2154 2080 2222 de·

556 2256 781 2342 torquebitur,
806 2265 917 2315 verum
934 2244 1124 2331 perveniens
1140 2243 1180 2307 ad
1199 2243 1239 2318 b,
1266 2244 1401 2328 propius
1423 2265 1440 2308 a
1464 2241 1629 2332 superficie
1656 2244 1754 2328 GG,
1781 2252 1882 2342 magis
1908 2254 2079 2335 ottradus,

556 2350 737 2444 ingreditur
759 2346 843 2415 viam
862 2342 930 2423 ii,
955 2338 1031 2406 inde
1047 2336 1171 2405 delatus
1193 2337 1233 2405 ad
1248 2360 1285 2419 c,
1311 2337 1384 2426 plus
1405 2340 1519 2406 iterum
1534 2342 1721 2427 attrahitur,
1746 2343 1929 2434 fererurque
1950 2351 1981 2417 in
1998 2353 2082 2418 reela

557 2473 622 2538 cc,
647 2464 789 2534 cumque
811 2461 925 2510 ornnes
950 2434 1000 2506 hae
1027 2437 1121 2505 reeta
1143 2459 1184 2524 a,
1210 2436 1251 2523 b,
1280 2461 1314 2525 c,
1342 2434 1401 2504 lint
1424 2435 1601 2505 admodum
1625 2441 1763 2522 breves,
1789 2465 1917 2512 cunum
1944 2466 2084 2535 compe·

557 2566 664 2626 nent,
698 2563 795 2632 quam
823 2559 864 2607 en
888 2536 993 2623 aliqua
1012 2532 1181 2622 hypotlreii
1206 2533 1421 2601 determinare
1445 2553 1581 2602 conatus
1604 2534 1666 2605 fuit
1690 2536 1783 2608 Nob.
1809 2539 1954 2610 Clairaut
1979 2542 2076 2636 (a):

561 2640 651 2736 Quia
670 2643 717 2711 vis
741 2638 868 2708 trahens
888 2633 929 2701 ad
954 2632 1103 2723 exiguam
1125 2629 1302 2698 distantiam
1326 2651 1345 2698 a
1367 2627 1533 2718 superficie
1560 2625 1638 2700 GG
1664 2639 1902 2731 exporrigitur,
1928 2643 1987 2710 erit
2010 2643 2079 2711 hac

555 2760 654 2808 curva
673 2733 849 2804 admodum
872 2729 994 2798 brevis:
1020 2726 1161 2793 Simulac
1183 2728 1269 2796 enim
1293 2726 1399 2795 radius
1426 2724 1627 2815 superficiem
1645 2726 1725 2801 GG
1742 2733 1940 2824 aliquantam
1958 2741 2081 2833 ingres·

558 2834 610 2903 sus
633 2832 706 2912 est,
732 2852 800 2901 non
821 2824 958 2916 amplius
986 2823 1006 2893 al
1033 2822 1086 2892 vii
1110 2821 1385 2910 detorquebitur,
1412 2842 1526 2912 utpote
1549 2827 1638 2894 aelus
1659 2826 1725 2915 jorn
1751 2851 1907 2918 quantuni
1933 2836 2036 2923 poteil
2062 2836 2081 2905 d

558 2934 591 3002 vi
615 2927 795 3000 attrahente
816 2922 954 3013 aequali,
980 2941 1053 3009 quae
1074 2941 1132 3009 per
1156 2921 1316 3009 reliquum
1342 2920 1488 2989 medium
1512 2921 1711 3009 aequabiliter
1735 2926 1847 2997 dillula
1872 2929 1928 3000 est.
1981 2933 2084 3003 Simili

558 3028 663 3098 modo
684 3026 790 3095 radius
813 3023 923 3090 exiens
947 3014 1099 3086 emedio
1123 3020 1226 3113 magis
1250 3016 1395 3086 trahente
1421 3015 1477 3098 X,
1500 3020 1532 3086 in
1557 3016 1692 3088 alterurn
1719 3021 1770 3104 Z,
1796 3026 1886 3113 quod
1913 3030 2019 3099 minus
2036 3051 2085 3100 at.

430 3151 510 3216 τώ,
560 3123 684 3204 trahit,
709 3139 859 3189 mouetur
880 3118 913 3185 in
938 3136 1062 3195 curva,
1093 3113 1184 3205 cujus
1205 3113 1281 3183 situs
1305 3115 1404 3203 priori
1427 3116 1605 3183 contrarius
1629 3115 1675 3185 est
1699 3120 1744 3187 uti
1769 3140 1858 3208 patet
1884 3124 1915 3193 in
1944 3126 1999 3220 lig.
2029 3128 2085 3212 8.‚

410 3222 594 3296 xxxviin
613 3240 676 3307 qua
692 3213 770 3285 GG
794 3212 977 3304 superficies
996 3209 1128 3281 inferior
1144 3210 1253 3282 illedii
1277 3211 1378 3305 nangis
1398 3208 1549 3279 trahentis
1576 3209 1625 3279 X:
1651 3212 1741 3301 cujus
1767 3214 1859 3284 limes
1883 3226 2087 3295 attradlionis

412 3315 477 3393 Fig.
499 3313 527 3398 ⁸?
563 3314 683 3398 Mul,
708 3312 814 3382 radius
835 3310 897 3380 Ra
921 3329 961 3378 ex
984 3306 1065 3378 GG
1088 3312 1218 3394 exiens,
1244 3307 1410 3378 attrahitur
1431 3308 1590 3378 continuo
1615 3308 1655 3377 ad
1682 3309 1782 3389 GG,
1806 3311 1907 3382 fertur
1932 3320 2090 3392 incurva

560 3411 683 3495 abcd,
709 3407 907 3498 tandemque
930 3408 1036 3500 perp't
1060 3407 1092 3474 in
1114 3408 1198 3476 retia
1222 3407 1283 3476 dd.
1331 3404 1364 3473 Si
1384 3402 1449 3472 lroc
1474 3400 1628 3473 Medium
1653 3406 1735 3477 inte'r
1760 3407 1838 3477 GG
1865 3407 1899 3478 de
1926 3411 2023 3483 uini
2050 3418 2094 3488 fir

415 3513 422 3530 ‘
562 3530 728 3599 vacuum,
761 3505 867 3576 radius
891 3504 909 3573 i
933 3507 965 3574 vi
990 3523 1058 3572 tota
1084 3503 1262 3572 attrahente
1284 3503 1431 3590 corporis
1458 3497 1600 3584 XGG,
1624 3503 1733 3573 versus
1757 3503 1835 3573 GG
1860 3508 2016 3578 incedet:
2051 3513 2090 3583 Si

442 3599 445 3604 ’
561 3630 643 3682 vero
675 3606 768 3676 detur
796 3602 949 3675 Mediam
979 3599 1052 3690 post
1090 3598 1176 3669 GG
1210 3601 1409 3690 aliquantum
1442 3594 1601 3681 trahens,
1639 3599 1715 3669 licet
1752 3604 1859 3672 minus
1889 3626 1986 3694 quam
2022 3607 2085 3694 X,

560 3708 726 3777 minuetur
747 3705 794 3774 vis
817 3699 945 3770 trahens
970 3696 1078 3766 Medii
1105 3695 1215 3780 GG,
1248 3698 1323 3785 quia
1343 3694 1448 3763 ambre
1473 3694 1556 3763 vires
1583 3694 1743 3766 trahentes
1767 3698 1998 3774 directionibus
2023 3727 2086 3795 op-

561 3803 675 3894 pofitis
698 3816 903 3890 operantur,
934 3793 1085 3881 adeoque
1106 3790 1184 3859 GG
1205 3791 1309 3860 modo
1332 3793 1364 3859 in
1390 3791 1498 3861 radios
1530 3790 1657 3861 excelsu
1683 3792 1807 3866 suarum
1833 3798 1947 3869 virium
1971 3821 2089 3892 opera·

563 3920 635 3969 tur:
663 3917 729 3987 quo
753 3890 896 3963 excellas
922 3892 1030 3959 minor
1055 3888 1123 3972 eil,
1149 3908 1193 3957 eo
1214 3889 1323 3958 minor
1346 3889 1443 3957 etiam
1468 3884 1616 3959 refraiiio
1641 3893 1713 3961 erit.

618 4031 651 4133 §.
685 4029 928 4104 MDCCXVI.
964 4028 1091 4101 Radius
1114 4028 1156 4100 ad
1183 4030 1286 4124 magis
1308 4028 1470 4100 attrahens
1495 4025 1648 4099 Medium
1673 4029 1798 4103 delatos
1822 4028 1970 4115 iniledi,
1995 4049 2095 4102 ante·

565 4154 664 4227 quarn
683 4131 883 4224 superficiem
903 4131 1088 4222 attingant,
1125 4126 1332 4217 probavimus
1356 4129 1389 4197 in
1411 4125 1441 4221 §-
1466 4147 1570 4195 1010.
1594 4147 1670 4198 cum
1695 4127 1751 4200 lux
1775 4127 1861 4222 Sulis
1886 4130 1978 4218 super
2002 4131 2093 4202 acies

565 4231 747 4304 cultrorum
771 4228 899 4309 transit,
926 4227 1049 4316 quippe
1075 4225 1182 4295 eumd
1206 4227 1261 4297 vid
1283 4223 1368 4293 redd
1395 4222 1544 4295 nonnihil
1568 4223 1807 4316 detorquetur,
1833 4246 1931 4317 atque
1955 4245 1998 4296 eo
2021 4245 2093 4296 nra·

567 4331 649 4425 gis,
676 4350 744 4418 quo
768 4327 850 4396 aciei
873 4322 968 4392 fuerit
992 4325 1155 4413 propior:
1187 4322 1263 4391 hinc
1287 4320 1308 4389 sr
1331 4321 1486 4392 transterit
1509 4324 1592 4390 inter
1616 4326 1701 4393 acies
1724 4324 1865 4395 duorum
1889 4321 2094 4409 cultrorum,

568 4448 616 4511 o,
647 4448 686 4509 r,
711 4422 792 4514 poll.
814 4419 1026 4507 distantium,
1063 4418 1119 4490 lux
1144 4419 1165 4490 a
1189 4417 1298 4488 charri
1328 4418 1402 4489 alba
1436 4439 1574 4508 excepta
1605 4417 1716 4492 locum
1741 4419 1913 4493 candidum
1938 4418 2097 4507 exhibet,

570 4520 613 4590 ad
639 4521 721 4591 latus
743 4537 916 4606 utrumque
938 4538 1006 4589 non
1027 4537 1142 4609 parum
1162 4513 1373 4609 ampliatum,
1398 4518 1510 4588 rarlori
1534 4516 1607 4590 luce
1630 4517 1821 4613 perfusum,
1845 4517 1957 4590 caudae
1982 4537 2097 4589 come·

458 4627 463 4634 '
573 4633 636 4703 tae,
659 4615 746 4686 haud
767 4613 957 4686 diillmilenr.
1947 4695 1949 4700 Ι

1776 4711 1810 4816 §-
1834 4710 2101 4788 uchcxvu.

578 5022 583 5030 ι
650 4921 708 5004 (ι)
726 4916 894 4986 L'llilloirt
909 4916 946 4983 de
961 4916 1073 4984 l'dcrd.
1090 4921 1168 5001 Ray.
1190 4919 1242 4986 Δο.
1264 4934 1350 5000 1739.
1371 4937 1438 5003 pag.
1455 4929 1524 4999 ada.
