4992 6767
602 587 698 679 na
752 580 1070 673 aautuo
1126 581 1210 689 tn
1269 580 1617 674 annana.
1791 602 1892 716 aar,

341 753 482 872 ’mistum
500 807 574 862 cum
598 785 675 857 oleo
697 781 823 854 Tartari
838 802 906 872 per
923 780 1133 871 deliquium,
1165 779 1253 850 bravi
1279 778 1462 851 finnitatem
1477 784 1693 874 adipiscitur,
1717 799 1780 858 nec
1804 811 1891 865 am..

354 887 489 988 pliusin
513 907 597 978 aqua
620 881 766 967 solvitur.
818 878 857 950 ln
887 879 1053 970 pulverent
1084 877 1207 948 rodutli
1231 878 1332 947 illices
1352 900 1429 956 cum
1452 882 1617 980 cineribus
1638 881 1810 954 clavellatis
1836 886 1873 959 dt

355 993 456 1070 nitro,
481 987 515 1059 in
539 978 708 1055 crucibulo
734 971 975 1071 fusrpulverem
996 975 1125 1045 dantia
1147 996 1230 1064 aqua
1254 974 1443 1060 solubilem,
1470 983 1525 1068 qui
1549 978 1689 1050 successu
1714 985 1885 1071 temporis,-

210 1089 212 1094 '
352 1085 545 1177 lapidescit,
580 1075 847 1150 &vehementer
872 1072 1049 1144 induratur.
1108 1073 1252 1172 Spiritus,
1269 1071 1356 1143 Nitri
1385 1094 1460 1143 cum
1491 1075 1568 1147 oleo
1590 1074 1679 1148 Nitri
1701 1099 1759 1169 per
1791 1080 1871 1150 deli·

350 1186 464 1275 quium
476 1178 624 1270 praebent
642 1172 777 1247 Nitrutn
791 1191 1015 1270 regeneratum
1037 1167 1185 1265 solidum.
1218 1174 1316 1261 Aqua
1328 1169 1462 1265 ingressa
1479 1171 1666 1247 Plantarum
1689 1176 1808 1249 semina
1819 1175 1886 1262 reb

351 1280 474 1353 radices
492 1296 548 1346 aut
568 1274 707 1359 bulbos,
732 1274 763 1341 vi
782 1269 970 1366 vegetabilis
991 1270 1142 1359 corporis
1163 1272 1197 1339 in
1220 1265 1364 1357 plantam
1389 1268 1514 1344 sirmam
1534 1276 1725 1356 concrescit.
1777 1274 1881 1366 bea

350 1377 401 1452 lus
423 1397 442 1445 e
469 1373 550 1443 cibis
568 1370 675 1442 solidis
692 1372 729 1440 in
748 1386 887 1459 corpore
905 1366 1040 1438 viventis
1061 1365 1208 1436 animalis
1222 1363 1288 1454 jana
1310 1363 1448 1451 lluidus,
1473 1372 1505 1439 vi
1525 1366 1655 1446 fabricae
1681 1376 1885 1453 mutatur-itti·

351 1471 437 1556 olla,
461 1491 614 1553 carnem,
638 1464 877 1562 cartilaginem,
898 1462 1139 1558 membranam,
1165 1461 1269 1553 pilos,
1283 1461 1424 1554 aliasque
1439 1463 1534 1537 duras
1549 1487 1666 1557 partes.
1710 1470 1880 1550 -Fluidunn

351 1574 385 1642 in
408 1568 511 1643 illatio
534 1563 752 1649 aranearum,
777 1560 977 1676 Erucarum,¹
1004 1556 1039 1656 dt
1064 1559 1210 1654 fimilium
1236 1557 1455 1672 lutetiorum,
1480 1563 1611 1677 simulac
1631 1566 1673 1637 ab
1705 1567 1795 1641 Aere
1824 1586 1883 1640 at.·=

351 1687 505 1834 ltili
530 1663 746 1832 illam
772 1658 928 1829 simili
943 1655 1265 1827 illabili?
1285 1656 1461 1856 iiiiii
1479 1660 1883 1849 libaminis}

354 1860 547 1951 splendens,
571 1878 715 1939 amarus,
739 1848 892 1926 metallici
916 1853 1036 1944 saporis
1061 1851 1152 1950 (a).
1180 1861 1186 1945 j
1204 1850 1296 1924 Cum
1318 1853 1413 1926 Auro
1436 1858 1470 1926 in
1488 1854 1679 1951 Amalgama
1701 1860 1886 1936 conversus·

353 1956 561 2037 Mercurius,
587 1950 622 2026 dt
642 1954 766 2045 aliquot
785 1950 948 2049 mensrbus
961 1950 1135 2047 digestus,
1149 1972 1218 2022 non
1238 1949 1381 2039 amplias
1397 1950 1523 2024 Aurum
1541 1955 1885 2042 omninorelinquit,

353 2054 407 2123 sed
435 2057 474 2124 in'
493 2074 535 2124 eo
558 2053 696 2146 acquirit
726 2041 1028 2129 fonnemsolidam
1070 2047 1199 2118 candidi
1233 2046 1381 2133 coloris,
1416 2048 1605 2134 observante
1633 2053 1760 2140 Brandt
1785 2050 1883 2146 (Da

354 2147 540 2221 Mercurius
563 2155 638 2222 cuin
660 2146 757 2219 acido
782 2141 950 2242 Sulphuris
972 2144 1100 2235 jonatus
1124 2142 1315 2215 durisfinranr
1336 2146 1464 2235 praebet
1483 2146 1695 2230 cinnabarin.
1746 2146 1885 2237 Hyeme

201 2289 212 2304 ·
351 2237 519 2338 asperrima
546 2244 714 2337 Petropoli
737 2265 755 2313 a
779 2242 902 2343 Spiritu
924 2239 1013 2312 Nitri
1036 2233 1212 2328 fumante,
1244 2246 1301 2332 qui
1324 2245 1389 2314 nivi
1416 2241 1662 2330 affundebatttn
1687 2250 1720 2324 in
1746 2245 1885 2320 mallem.

351 2344 608 2439 conglaciaram,
634 2342 787 2424 solidam,
818 2335 958 2438 plumbo
984 2329 1218 2430 nonnunquam
1245 2338 1442 2431 dunoren,
1473 2341 1644 2426 conversus
1666 2342 1754 2424 sirit.¹
1790 2341 1884 2418 Gerr

352 2451 393 2509 ex
412 2439 515 2510 altero
540 2437 722 2511 ventriculo
741 2438 824 2527 Apis
846 2433 1003 2530 regressa,
1029 2431 1150 2526 liquida
1173 2436 1236 2519 est,
1262 2459 1335 2526 quae
1362 2437 1491 2509 finrulac
1516 2442 1624 2510 a'e‘rem
1644 2443 1804 2538 attingit,
1829 2438 1881 2514 sa·

356 2536 482 2638 lideacit
508 2538 604 2629 (c),
628 2535 685 2603 nist
706 2531 803 2601 suerit
826 2536 950 2623 egeries
974 2534 1056 2622 Apis
1082 2533 1182 2623 (d);
1207 2534 1299 2621 quod
1319 2554 1426 2606 tamen
1448 2539 1619 2609 incertum.

398 2657 437 2752 §
461 2651 706 2728 mccxxxt.
732 2649 864 2718 Interim
887 2651 950 2715 five
973 2648 1070 2724 malla
1093 2650 1185 2718 sinna
1204 2652 1238 2718 in
1258 2650 1415 2738 fluidam,
1435 2658 1485 2740 vel
1504 2637 1603 2729 liuida
1623 2664 1656 2730 in
1671 2659 1796 2743 firmam
1811 2681 1889 2742 ver-2

358 2747 461 2833 tatur}
485 2771 540 2821 aut
556 2747 661 2821 fluida
687 2741 816 2812 crass'tor
846 2744 880 2810 in
906 2736 1304 2833 subtiliorem'tenuetur,
1337 2753 1624 2839 manetponderis
1647 2755 1817 2844 ejusdem:
1843 2759 1883 2828 ln

355 2845 521 2929 nonnullis
546 2840 772 2913 occafionibus
795 2858 902 2907 tamen
924 2834 1070 2923 pondere
1091 2835 1316 2930 augetumab
1330 2839 1893 2934 adharescenra.igne,;„1abgfaffl.,

355 2953 415 3026 tur,
429 2964 495 3015 nun
520 2961 619 3023 uam,
646 2935 702 3005 nist
728 2932 835 3025 partes
859 2932 1054 3028 avolaverint
1061 2953 1072 3027 ,²
1098 2930 1249 3026 adeoque
1267 2932 1309 2999 in
1333 2934 1485 3020 omnibus
1505 2934 1889 3031 ,bircellsletamotpbpg

355 3030 444 3113 lbas'
459 2964 592 3109 cuilibet
616 3030 781 3125 particulae
803 3029 940 3124 gravitas
969 3023 1050 3095 inest
1075 3023 1224 3095 conllaus
1255 3016 1290 3097 dt
1318 3029 1511 3118 immutata,
1543 3035 1691 3104 omnium
1715 3036 1803 3106 enirn
1828 3059 1889 3118 eaq,

356 3162 428 3210 rum
450 3136 579 3228 pondus
601 3132 757 3203 summam
781 3125 964 3226 ponderis,
998 3123 1090 3220 quud
1113 3122 1169 3218 est.
1183 3122 1217 3191 in
1250 3140 1318 3193 tota
1345 3123 1443 3217 massa
1471 3127 1614 3199 exbibet.
1665 3127 1746 3205 Ideo
1767 3154 1882 3208 contra

357 3255 487 3306 omnem
510 3227 692 3324 analogiam
714 3225 967 3305 ratiocinantur,
1000 3221 1056 3310 qui
1087 3210 1186 3289 fluida
1217 3218 1438 3292 determinatae
1468 3223 1675 3296 craffitudinis
1697 3230 1891 3320 ponderosa,

357 3331 440 3412 esse,
465 3328 595 3398 simulac
614 3346 695 3396 uero
724 3323 758 3391 in
782 3321 923 3409 aliquem
949 3315 1084 3417 'gradum
1105 3312 1304 3389 subtiliorem
1326 3315 1560 3408 tenudrentut,
1593 3322 1723 3415 qualem
1744 3324 1881 3422 AEthett'

354 3428 556 3507 adscribunt,
582 3417 861 3519 pondere-orbari
884 3417 1069 3505 opinantur.
1437 3431 1440 3438 ’
1513 3433 1516 3437 ’

404 3550 436 3647 l.
460 3543 721 3622 uiccxxxu.
756 3533 940 3634 Quoniam,
958 3539 1133 3610 fluidorum
1161 3499 1334 3627 particulae¹
1360 3541 1430 3616 sunt
1457 3543 1640 3632 admodum
1672 3489 1820 3633 subtiles,
1845 3501 1887 3625 in¹

352 3647 531 3738 ampliores
555 3664 657 3734 poros
678 3658 853 3728 corporum
879 3633 1041 3727 majorum
1068 3636 1210 3724 intrare,
1231 3658 1367 3728 eosque
1391 3659 1559 3731 permeare
1590 3661 1772 3730 poterunt:
1804 3646 1888 3727 aar,
2004 3707 2006 3711 .

352 3757 521 3838 perreptat
542 3740 652 3809 omnia
675 3735 782 3828 ligna,
809 3731 880 3800 sunt
900 3734 987 3801 enim
1013 3731 1155 3800 materie
1178 3734 1252 3819 pori
1270 3754 1439 3832 patentes,
1466 3734 1500 3807 dt
1525 3739 1690 3828 particulis
1714 3740 1819 3813 aereis
1833 3742 1883 3828 la·¹

311 3829 317 3836 ’
353 3846 469 3913 tiores:
496 3837 595 3927 Aqua
627 3848 772 3925 penetrat
794 3825 826 3896 se
847 3829 881 3897 in
905 3828 1016 3897 omnia
1038 3819 1249 3921 vegetabilia,
1274 3832 1308 3900 in
1333 3832 1454 3904 multos
1476 3834 1590 3907 lateres
1616 3839 1759 3922 collos,
1797 3839 1879 3932 lapi·

354 3939 506 4026 desque,
542 3930 576 4003 ἃ
607 3934 638 4002 in
667 3927 820 4017 plurimas
846 3924 1031 4013 animalium
1057 3944 1192 4014 partes,
1231 3926 1378 4014 emollit,
1414 3951 1494 4019 quas
1518 3933 1646 4022 intravit
1670 3956 1777 4024 partes
1802 3940 1879 4033 rigi·

356 4036 432 4113 das,
455 4050 512 4101 aut
540 4026 713 4098 tumefecit.
764 4020 886 4091 Oleum
915 4024 1026 4111 irrepit
1045 4022 1081 4090 in
1105 4019 1191 4115 ligna
1215 4023 1442 4114 plurimosque
1467 4026 1606 4116 lapidei:
1632 4029 1818 4105 Mercurius
1844 4036 1878 4107 in

354 4128 509 4203 nonnulla
537 4122 673 4194 Metalla
706 4116 741 4190 dt
774 4121 807 4190 in
843 4140 964 4209 corpus
996 4116 1158 4187 Animale.
1207 4116 1322 4214 ignis,
1352 4118 1457 4216 Lura,
1481 4111 1648 4216 ‘'Flul‘tlupr
1676 4125 1881 4210 Eledlricum

346 4245 537 4320 permanant
562 4224 672 4290 omnia
696 4236 855 4306 corpora,
882 4235 1047 4304 utcunque
1072 4211 1179 4283 dena.
1338 4245 1348 4292 ·,
1588 4224 1609 4320 J
1680 4227 1684 4238 ·
1755 4225 1758 4230 ’

402 4322 434 4421 l.
459 4313 736 4393 MCCXXXlll.
759 4311 935 4385 Probabile
944 4375 951 4383 ..
959 4312 1007 4382 est
1030 4309 1209 4383 multorum
1226 4309 1412 4422 fluidorum
1430 4323 1591 4413 putorullt'
1613 4317 1655 4398 δι
1679 4319 1876 4402 fince‘rorum

1130 4439 1134 4448 ·
1370 4425 1375 4444 ‘
1568 4437 1571 4443 ·
1771 4437 1877 4515 parter

428 4611 487 4685 (a)
505 4610 614 4672 Philas.
634 4608 782 4669 Transall.
803 4609 862 4667 Na.
882 4620 953 4681 420.
1122 4561 1131 4572 ι

362 4751 369 4758 ,
430 4691 489 4758 tt)
508 4692 575 4750 Aila
597 4690 749 4748 litteraria
770 4685 880 4747 Suecia
901 4688 954 4747 ΔΟ.
980 4698 1065 4760 1721.
1084 4700 1149 4765 pag.
1177 4699 1204 4747 r.

358 4773 372 4796 ⁴
418 4765 647 4838 ·(c)·iteaunur
668 4765 788 4825 Histoit.
811 4764 860 4825 dea
882 4765 982 4828 tnsett
1004 4768 1093 4832 Tom.
1114 4770 1151 4831 V.
1173 4781 1240 4846 pag.
1255 4767 1312 4842 25}

425 4843 946 4929 (dlfh1205·T1⁸¹²⁵⁸3·N⁰·49⁶·
1125 4920 1258 5020 Qqq
1443 4906 1470 4954 ,ε
1497 4891 1561 4952 elli
1585 4890 1639 4950 toi?
1665 4888 1739 4947 *12:¹1
1765 4885 1820 4946 'al
1866 4867 1875 4922 Ῑ
