4992 6767
716 655 851 791 'n
929 689 973 790 n
1052 681 1267 795 lnfn
1348 707 1400 796 a
1471 699 1530 795 n·
1837 701 1933 831 aaa

401 891 597 985 observante
619 899 794 994 Peyll'on'el
815 899 850 972 ln
873 887 1081 994 Gmdela'pr:
1105 879 1191 976 'aed
1226 897 1259 979 ln
1281 904 1395 1002 majori
1416 903 1603 992 altitudine,
1623 906 1671 980 nti
1698 928 1806 982 2000.
1825 909 1924 990 hena.

409 1008 566 1104 pedorum
589 1001 687 1076 nulle
711 997 966 1110 trajectores,
998 993 1044 1110 Q
1063 997 1173 1096 fttplnl
1201 1003 1495 1176 tellure'provenit
1515 1005 1619 1082 modo
1643 1025 1743 1078 tenue
1765 1029 1897 1108 gramen
1907 1034 1927 1086 t·

403 1111 438 1179 in
463 1101 633 1178 altitudine
656 1097 769 1193 majori
789 1097 914 1170 antur
939 1097 1077 1170 mimia·
1091 1095 1188 1172 ultre
1204 1095 1335 1176 altitudi
1359 1117 1412 1178 ein
1439 1125 1546 1176 aaoo.
1570 1101 1631 1176 vel'
1649 1123 1755 1197 2300.
1779 1107 1923 1200 hempe-

402 1205 515 1276 darum
532 1200 612 1274 nihil
626 1198 764 1292 amplius
778 1197 916 1284 crescit,
941 1193 1018 1269 licet
1031 1193 1216 1289 hujusmodi
1230 1199 1334 1274 folum
1351 1206 1446 1287 nive,
1462 1203 1515 1274 vel
1534 1202 1643 1295 pluvia
1660 1206 1808 1300 irrigetur
1825 1204 1920 1302 (ἠέ

401 1297 491 1373 Nam
517 1304 552 1372 in
574 1296 688 1392 majori
707 1293 878 1390 altitudine
898 1295 1073 1370 airaimis
1101 1294 1181 1369 levis
1202 1319 1356 1391 mnusque
1376 1300 1443 1386 est,
1468 1321 1567 1390 quam
1589 1302 1685 1374 utin
1710 1302 1828 1392 plantis
1847 1303 1919 1380 vafa

400 1401 498 1472 a‘e‘tea
521 1395 710 1490 expandat,
742 1389 778 1466 dt
802 1391 874 1465 hac
896 1392 1012 1480 fuccoe
1036 1392 1071 1482 in
1091 1391 1160 1465 aliis
1182 1399 1348 1482 canalibus
1369 1416 1524 1470 moveat:
1556 1399 1653 1489 ideo,
1680 1401 1737 1471 ubi
1762 1402 1869 1474 adhuc
1884 1393 1920 1476 iti

400 1497 480 1570 valia
503 1495 687 1569 Plantamm
715 1489 884 1564 sutell’eria'
900 1490 1032 1583 aliquidl
1046 1493 1156 1564 mdtua
1178 1514 1195 1561 ι
1218 1493 1298 1565 vafre
1319 1495 1427 1570 aereis
1450 1497 1625 1580 excitatur,
1652 1496 1770 1587 planrae
1794 1499 1836 1571 ad
1852 1485 1923 1572 exii
2198 1559 2202 1566 .

402 1617 500 1694 guam
519 1609 669 1678 crescunt
688 1585 892 1688 altitudinem
906 1588 1000 1674 aubi
1015 1585 1213 1660 vafadirea
1234 1611 1373 1678 motum.
1386 1613 1463 1680 cum
1488 1592 1567 1678 ralla
1591 1593 1752 1666 furciferis
1771 1615 1923 1678 commu·
2059 1597 2071 1632 t
2183 1629 2186 1640 ,

401 1695 509 1764 nicare
532 1677 722 1785 neq'u'em'rr,
746 1677 866 1781 planta
886 1682 985 1758 nullae
1007 1683 1180 1788 cretcinlt:
1204 1688 1333 1758 accedit
1354 1690 1407 1761 hic
1433 1711 1572 1784 quoque
1593 1691 1727 1789 frigus,
1751 1693 1844 1785 quod
1866 1689 1924 1768 v'e·

399 1792 557 1887 gerationi
580 1790 718 1862 noxium
742 1789 776 1860 itt
798 1780 973 1858 editilftmit
995 1777 1173 1896 illit'.locls
1195 1801 1320 1880 regnat.
1386 1861 1392 1876 ‚
1476 1835 1479 1840 .
1624 1845 1627 1850 .

433 1917 481 2020 d.
508 1914 799 1991 MMCLXXIX.
824 1913 898 2010 fldr
913 1915 946 2002 ln
961 1899 1116 2004 superiori
1140 1931 1231 2003 parte
1249 1910 1474 1998 atmosplraerae
1491 1913 1548 1985 libi
1568 1915 1672 1986 libere
1687 1920 1925 2006 committitur,

397 2017 551 2110 adeoque
565 2011 764 2108 palintonii',
780 2007 942 2108 quadrum
950 2005 1075 2104 potest,
1096 2007 1127 2078 fe
1143 2009 1327 2103 ‘expandet3
1342 2009 1372 2079 ft'
1380 2008 1459 2082 nihil
1467 2007 1632 2101 fir,'quod
1642 2010 1746 2104 iplitm
1753 2013 1923 2102 coirceat',

400 2115 451 2186 vel
468 2114 680 2204 palatorum,
701 2114 846 2203 minuet,
872 2108 927 2182 fed
942 2108 1175 2200 idincert'um.
1535 2129 1539 2136 ·

447 2209 528 2306 Quo
549 2208 669 2282 editior
692 2208 739 2279 est
766 2209 847 2295 adt,
872 2204 1021 2302 frigidior
1037 2203 1100 2274 est:
1126 2202 1203 2294 hinc
1218 2204 1293 2286 nive
1306 2222 1425 2296 aterna
1442 2202 1660 2274 altiffimorum
1674 2207 1836 2281 montium
1851 2227 1923 2284 aet·

397 2309 476 2380 tices
501 2304 572 2378 funt
596 2307 695 2389 tedii,
720 2293 768 2373 'uri
790 2306 832 2369 de
849 2299 964 2394 alpib]
995 2277 1214 2396 lapponret,
1236 2295 1366 2386 testatur
1381 2293 1553 2390 Litanam:
1579 2299 1622 2367 de
1638 2301 1923 2376 Atatat'Tounie·

395 2404 533 2488 fortius,
550 2401 593 2469 de
610 2397 766 2468 Peruanls
782 2393 1054 2480 ‚Condammeusjt'
1071 2411 1174 2476 nam,
1190 2389 1317 2486 fimons
1334 2391 1370 2462 srt
1385 2383 1568 2490 exceliat,
1588 2415 1687 2487 quam
1702 2419 1809 2487 2400,
1824 2395 1925 2470 hem.

399 2497 556 2592 p'edarum
580 2493 672 2586 supra
694 2493 790 2562 maris
815 2481 1034 2584 superficiem,
1058 2488 1106 2572 in,
1121 2497 1213 2580 parte
1229 2488 1335 2563 altiori
1350 2483 1477 2588 colligit
1499 2489 1631 2584 nivem',
1655 2492 1741 2584 quar·
1751 2489 1924 2586 nunquam

396 2593 594 2666 refunditur:
608 2581 695 2686 'ideo
719 2591 753 2659 in
777 2607 891 2660 monte
912 2583 1136 2682 Chimbotaco
1153 2593 1302 2680 ,'3217.
1336 2585 1520 2679 hexapedar
1551 2587 1619 2662 alto
1641 2611 1715 2682 pars
1738 2589 1924 2680 celfiffima,

396 2712 470 2782 quae
483 2688 529 2759 est
543 2689 626 2759 800.
650 2684 911 2778 hexapedarum,
931 2685 1300 2778 ‘nire'a'r'tct'na'tegitui,
1315 2679 1351 2756 ἀ
1367 2684 1588 2758 inaccelllbilis
1605 2685 1652 2758 est
1670 2708 1807 2780 propter
1821 2688 1925 2788 frigus

399 2790 434 2858 in
452 2786 530 2860 aire
551 2781 701 2876 excelfo,
726 2781 855 2853 densrot
876 2781 923 2866 est
947 2782 1033 2876 adr,
1051 2801 1149 2872 quam
1173 2783 1298 2852 ratione
1314 2777 1489 2853 altitudinis
1508 2781 1616 2874 foret,
1638 2783 1694 2852 fta
1711 2783 1781 2856 folo
1796 2785 1839 2858 ad
1853 2805 1928 2860 caut

397 2882 601 2953 altitudinem
626 2883 697 2970 parf
718 2877 830 2949 calore
851 2859 985 2982 suffusus
1007 2875 1096 2948 elfet.
1135 2891 1137 2896 '
1201 2951 1203 2956 ,
1316 2879 1319 2884 ’

418 2997 420 3002 ’
444 3004 478 3103 5.
501 3000 770 3092 MMcuxxx.
835 3011 886 3075 ito·
902 3005 961 3078 r'e'r
975 3003 1106 3098 lonp'ua
1119 3022 1139 3073 ι
1152 3001 1328 3078 Terrarum
1339 3000 1485 3074 colluvie
1497 3001 1641 3090 recellit,
1656 3005 1734 3078 laoc
1749 3006 1938 3105 facetior,-

399 3105 576 3195 puriorque
600 3101 667 3173 elit
692 3098 797 3180 &eo
855 3100 967 3172 ubrior
988 3118 1124 3170 notante
1152 3097 1338 3182 Mortonot
1363 3099 1399 3168 in
1415 3096 1745 3176 humilioribuselrim
1764 3104 1848 3179 locis
1862 3107 1936 3181 fre*

397 3203 584 3290 quenriotee
599 3197 670 3288 sunt
683 3197 812 3283 morbi,
824 3217 924 3288 quam
939 3197 973 3267 in
988 3195 1157 3267 altioribus
1184 3193 1257 3287 (b),
1286 3192 1378 3264 Idem
1389 3196 1475 3270 eltae
1486 3196 1603 3270 Andes
1617 3200 1781 3272 Ameticae
1796 3217 1936 3280 montea-
1975 3205 1980 3224 ¹

398 3298 489 3388 supra
514 3298 639 3382 notavi..
689 3295 790 3382 Adria
814 3314 888 3384 pars
911 3296 977 3378 ima
997 3289 1161 3376 &uicina
1185 3290 1298 3366 Terris
1317 3291 1544 3388 comprimitur
1567 3295 1588 3364 i
1610 3295 1760 3387 pdndete
1780 3296 1930 3394 superio.

399 3399 461 3480 ris,
485 3393 539 3464 hic
558 3392 620 3466 adr
635 3394 733 3488 igitur
746 3395 808 3462 erit
824 3388 1046 3480 conrprelfua,
1072 3387 1214 3479 spillior,
1238 3391 1275 3459 in
1290 3390 1402 3462 minua
1420 3387 1576 3464 uolumen
1589 3393 1740 3466 amous:
1761 3400 1925 3488 quamob-

397 3513 486 3574 rem,
509 3491 531 3559 fl
548 3493 670 3559 restam
685 3489 932 3574 conceperimus
948 3487 968 3580 i
984 3483 1152 3571 superficie
1168 3484 1281 3554 Terrae
1306 3483 1347 3553 ad
1364 3482 1529 3576 supremos
1545 3490 1765 3580 atmofphaerae
1782 3494 1927 3590 limites,

398 3593 431 3658 in
449 3588 510 3654 hac
526 3581 692 3675 particula
710 3581 817 3653 aerea
832 3576 1073 3672 magnitudinis
1092 3575 1303 3667 discrepantis
1317 3596 1431 3664 erunt,
1457 3599 1499 3652 co
1524 3583 1683 3673 maiores,
1701 3577 1924 3684 rationesque,

398 3704 469 3775 quo
485 3678 707 3770 atmofphaerae
720 3674 876 3766 limitibus
889 3673 1012 3759 ultimis
1024 3692 1118 3760 ¹erunt
1129 3676 1322 3767 propiores,
1346 3671 1503 3767 linempe
1518 3697 1636 3758 omnen
1650 3680 1767 3756 ssrniler
1784 3683 1929 3776 fuerint,

399 3782 551 3872 purisque
565 3771 817 3872 magnitudinis,
837 3769 1086 3876 quecqualivi
1102 3773 1385 3868 comprimuntur,
1411 3767 1651 3872 &paricalote
1666 3779 1874 3853 incaluerint:
1887 3785 1927 3860 ii

398 3896 507 3948 aurem
523 3868 879 3967 particolaedr'fcr'epent
900 3866 1142 3964 magnitudine,
1168 3870 1323 3953 mrimte,
1348 3867 1479 3956 calore',
1503 3857 1712 3964 elnlllcitate,
1737 3875 1939 3972 tenuiores,

400 3973 435 4046 dt
458 3972 532 4066 plus
545 3966 874 4042 elaliicaeeditiorem
895 3963 1119 4059 atmosphnrae
1140 3967 1309 4062 regionem
1326 3988 1489 4056 occupare
1509 3969 1650 4061 pollura.
1681 4049 1684 4056 ,
1711 4041 1716 4056 ,
1747 4041 1750 4046 ,

447 4101 477 4199 l.
503 4096 789 4174 MMCLXXXI.
814 4095 985 4270 (Quoniam
1009 4100 1043 4168 in
1068 4097 1268 4188 Barofcopio
1290 4102 1466 4169 mercurius
1487 4101 1678 4267 aopondere
1701 4105 1934 4196 atmofphaeroe·

397 4204 574 4294 premitur,
598 4217 635 4270 ut
659 4200 694 4282 in
708 4196 816 4294 Belgii
847 4199 905 4270 olo
922 4197 965 4268 ad
979 4192 1182 4266 altitudinem
1217 4215 1275 4286 29.
1300 4195 1382 4285 poll
1408 4193 1508 4266 Rhea

397 4299 470 4382 dat,
495 4297 604 4370 saltem
634 4295 706 4380 hac
729 4295 781 4380 eil
798 4294 907 4370 media
927 4291 1085 4392 altitudo,
1111 4291 1134 4362 fi
1157 4294 1318 4383 quiscum
1332 4290 1532 4383 Btmscopio
1549 4295 1689 4382 turrim,¹
1703 4295 1756 4367 vel
1771 4305 1928 4374 montani

397 4395 616 4479 adscenderit,
639 4395 675 4466 in
689 4393 859 4467 cacumine
873 4414 941 4467 non
962 4411 1049 4464 tanta
1063 4392 1160 4483 copia
1174 4391 1279 4475 aitis,
1294 4411 1392 4481 quam
1408 4390 1450 4461 ad
1466 4391 1604 4463 radicem
1620 4395 1781 4466 mercurio
1795 4397 1923 4469 incum-

398 4493 473 4560 bet:
496 4490 574 4561 ideo
597 4493 632 4561 in
653 4495 822 4566 cacumine
845 4494 952 4564 minus
970 4486 1092 4582 pteffus
1111 4490 1291 4561 ¹mercurius
1306 4490 1403 4578 etiam
1420 4489 1460 4560 ad
1483 4493 1642 4574 minorem
1657 4490 1859 4576 altitudinem
1882 4497 1918 4569 in

399 4588 483 4659 tubo
505 4585 728 4678 suspendetur:
755 4586 790 4661 dt
809 4587 1078 4683 fibaroscopium
1092 4583 1128 4662 in
1143 4583 1340 4683 profundam
1354 4583 1500 4662 fodinam
1517 4586 1714 4682 dimittatur,
1737 4589 1917 4668 mercutius

1546 4246 1556 4266 .
1581 4196 1773 4289 plerumque
1789 4201 1924 4276 adscen-

474 4861 534 4940 (ιι)
556 4861 739 4926 Condtmlne
757 4863 958 4936 intradoalon
974 4866 1144 4948 Histotique
1165 4886 1230 4949 pag.
1253 4874 1303 4946 4⁸.

476 4943 536 5023 (d)
555 4943 667 5011 timor.
686 4944 791 5010 Natat.
810 4945 1059 5028 Notthamptltou·
1076 4966 1144 5029 pag.
1165 4964 1236 5026 321.

1255 5038 1533 5137 Ytatte'
1666 5053 1671 5059 “
1811 5039 1814 5044 ’
