4992 6767
549 667 639 790 '218
945 637 1688 768 DESONQ

557 860 594 930 ia
617 851 721 939 ΑΛ,
751 868 820 923 tum
844 847 957 920 eadem
981 846 1143 938 quantitas
1161 842 1300 924 virium,
1325 857 1399 928 quoe
1420 832 1467 907 eil
1481 836 1525 908 ¹iu
1549 831 1645 922 An,
1679 831 1871 914 diffunditur
1894 857 1957 933 per
1980 839 2090 920 adm

445 975 508 1031 ru.
561 956 598 1026 ia
620 949 789 1025 intervallo
810 946 953 1020 secundo
974 967 993 1015 a
1013 943 1105 1016 causa
1121 941 1272 1020 sonante,
1297 932 1390 1027 quod
1404 932 1449 1003 est
1468 935 1502 1004 in
1527 931 1617 1004 RB:
1642 932 1689 1006 est
1706 934 1776 1008 soni
1798 939 1972 1031 explicatio
1988 942 2094 1034 sphae-

409 1040 506 1122 nuru.
562 1054 651 1136 rica,
675 1048 827 1139 adeoque
849 1042 1033 1137 superficies
1060 1039 1213 1132 sphaerica
1236 1036 1334 1117 ΑΛ,
1358 1028 1459 1102 estad
1475 1053 1549 1102 eam
1565 1033 1780 1126 interceptam
1800 1039 1833 1108 in
1859 1037 1939 1126 RB,
1962 1042 2005 1112 ab
2032 1044 2090 1113 iia·

381 1111 467 1188 ‘³²⁸'
485 1119 512 1167 ⁷'
560 1151 638 1222 dem
662 1146 758 1218 radiis
784 1142 915 1226 CAR,
941 1138 1080 1221 CAR,
1112 1138 1160 1205 uti
1188 1132 1379 1222 quadratum
1406 1129 1789 1223 omnimodarum
1816 1134 1913 1224 CB,
1935 1137 2088 1229 adeoque

558 1250 609 1322 uis
630 1265 767 1316 movens
790 1243 898 1311 uitem
913 1243 947 1310 in
972 1236 1064 1314 CA,
1090 1231 1136 1301 est
1150 1231 1283 1318 quidem
1300 1228 1432 1320 aequalis
1448 1228 1569 1300 viribus
1584 1233 1793 1304 moventibus
1814 1233 1997 1325 quadruplo
2013 1235 2089 1326 plue

557 1345 643 1416 aitis
663 1345 697 1412 in
717 1337 805 1422 CB,
830 1333 884 1405 sed
899 1335 976 1402 ideo
991 1328 1152 1399 intensitaa
1177 1326 1290 1397 virium
1311 1323 1495 1398 diffusarum
1519 1347 1578 1418 pet
1595 1348 1697 1400 totam
1713 1330 1915 1419 superficiem
1931 1329 2018 1416 ΒΒ,
2043 1332 2090 1402 est

547 1441 604 1514 ud
623 1459 695 1511 earn
716 1439 748 1505 in
774 1431 868 1514 ΑΛ,
893 1432 939 1499 uti
961 1424 1144 1518 superficies
1170 1423 1274 1508 ΑΛ,
1298 1423 1346 1496 eli
1370 1422 1411 1494 ad
1436 1421 1637 1515 superficiem
1663 1427 1754 1515 BB,
1786 1427 1853 1502 hoc
1874 1427 1921 1500 cst
1946 1429 1993 1498 uti
2012 1425 2088 1498 AC

560 1534 753 1626 quadratum
773 1527 817 1597 ad
840 1524 911 1598 CB
939 1523 1148 1616 quadratum:
1173 1521 1220 1592 est
1245 1522 1342 1618 igitur
1362 1519 1440 1592 Soni
1464 1522 1628 1594 intenfitas
1655 1527 1689 1596 in
1708 1528 1835 1597 ratione
1850 1523 2090 1616 inversadupli·

560 1649 632 1700 cata
652 1625 869 1697 distantiarum
885 1643 904 1692 a
921 1619 1014 1692 causa
1037 1617 1180 1692 sonante.
1231 1617 1265 1688 Si
1282 1638 1388 1689 autem
1405 1618 1491 1690 airis
1506 1617 1644 1691 densum
1662 1619 1766 1712 major
1787 1622 1919 1708 evadat,
1943 1620 2090 1711 ilsuper-

562 1723 652 1796 ficies
671 1722 786 1795 sonans
798 1718 1181 1812 major,‚increveritque
1195 1714 1365 1788 elasticiras
1397 1718 1457 1787 etit
1478 1716 1642 1789 inteniitas
1659 1717 1741 1791 Soni
1757 1722 1790 1792 in
1805 1722 1930 1793 maone
1945 1739 1987 1790 ex
2003 1716 2090 1788 hisce

557 1821 716 1920 ‘omnibus
738 1819 918 1892 rationibus
942 1813 1135 1907 compoita.

605 1945 653 2114 ἀς.
685 1925 1035 2030 mmccxxxtm
1056 1935 1141 2009 Sunt
1169 1938 1304 2011 cuilibet
1337 1937 1431 2010 Sono
1461 1938 1620 2024 termini,
1651 1937 1732 2010 ultra
1756 1956 1841 2029 quos
1864 1958 1933 2012 non
1955 1938 2093 2029 amplius

562 2066 604 2116 au
628 2063 701 2114 rtur.
1046 2101 1051 2110 .

613 2141 653 2210 Si
668 2139 742 2229 quia
761 2134 825 2206 alta
847 2131 1086 2204 uoceclamana
1109 2131 1152 2201 ad
1168 2131 1346 2204 distantiam
1377 2155 1457 2204 too.
1483 2133 1670 2224 peru’carum
1685 2131 1850 2216 udatur,
1876 2151 2092 2221 nequaquam

544 2237 711 2309 ,audietur
734 2233 768 2300 in
791 2228 961 2300 interuallo
991 2249 1095 2298 1000.
1121 2232 1330 2318 perticarum.
1386 2234 1441 2300 An
1468 2231 1617 2310 termini,
1640 2230 1722 2298 nun
1742 2249 1827 2316 quoa
1849 2247 1921 2297 nnn
1943 2227 2091 2317 amplius

557 2331 691 2404 ‚auditur
715 2327 849 2408 Soura,
873 2323 1001 2396 deliniri
1017 2323 1173 2415 possunt?
1199 2347 1422 2417 nequaquam:
1448 2347 1523 2397 nam
1544 2324 1578 2394 bi
1594 2322 2027 2416 pendetuarmgniurdine,
2052 2322 2091 2393 dt

556 2425 744 2522 ‚interlitam
765 2424 868 2507 snm,
893 2421 914 2494 d
939 2423 1043 2514 ventis
1068 2417 1134 2493 otc.
1161 2441 1229 2493 tum
1255 2445 1274 2492 a
1299 2426 1467 2496 teneritate
1491 2423 1605 2519 organi
1619 2420 1777 2502 murm,
1792 2439 1868 2508 quae
1884 2416 2092 2492 determinati

557 2513 2094 2708 ilduldmsslssliliaislaf⁰nli0llllig²d⁸mf⁰²i1⁸miffl⁰buffiimii

864 2699 870 2708 ,
1151 2665 1161 2687 ·
1988 2661 2000 2697 r

557 2707 683 2804 ‘panniae
708 2713 859 2807 Legata,
885 2712 1065 2782 Tormenta
1079 2712 1196 2784 bellica
1208 2715 1342 2807 explosa
1363 2716 1454 2802 sum,
1480 2736 1622 2806 quorum
1636 2715 1745 2786 ὃοηιιι
1758 2709 1887 2792 auditura
1902 2707 1964 2784 fuit
1979 2707 2091 2784 Libat·

559 2819 619 2900 ni,
647 2809 683 2880 ur
705 2811 740 2880 in
761 2829 836 2880 arce
858 2828 966 2880 uetere
989 2805 1082 2899 supra
1104 2832 1252 2883 montem
1267 2814 1469 2898 rotundum,
1493 2837 1569 2905 quae
1586 2816 1733 2903 quinque
1747 2807 1938 2882 milliaribus
1962 2807 2092 2882 uterus

513 2937 518 2946 ·
557 2909 674 2982 distat:
699 2905 901 2978 intervallum
925 2907 1009 2977 inter
1034 2905 1253 2996 Florentiam,
1277 2906 1313 2981 dr
1336 2908 1521 2983 Libumum
1542 2909 1589 2982 eil
1610 2927 1670 3002 50.
1686 2906 1867 2978 milliarium
1883 2903 2091 2994 ltaliconmr,

561 3005 671 3083 solum
687 3001 733 3074 est
751 3002 959 3086 montosum,
984 3023 1091 3090 neque
1111 3026 1226 3078 ventus
1247 3006 1353 3080 cursui
1379 3007 1458 3080 Soni
1483 3007 1620 3092 samber.
1670 3002 1777 3076 Gallis
1789 3003 1852 3076 Aa
1882 3019 1987 3094 1747.
2010 3003 2092 3095 Sep·

566 3104 684 3176 tembri
710 3101 851 3192 Burgum
877 3096 918 3169 ad
934 3097 1071 3170 Somum
1089 3108 1372 3201 expugnantibus,
1398 3106 1452 3176 hic
1477 3102 1601 3195 Leydae
1615 3105 1716 3176 nodat
1730 3100 1878 3174 ulmae
1890 3101 2018 3172 ιιιᾰιιιι
2033 3100 2092 3174 fiat

561 3215 804 3272 tormentorum
829 3195 940 3265 Sonus
960 3199 994 3268 in
1016 3196 1163 3270 distantia
1192 3221 1250 3296 15·
1277 3202 1460 3274 milliarium
1486 3201 1778 3274 Hollandicorumt
1805 3195 1909 3271 Gallia
1933 3197 2091 3272 Genuam

562 3290 832 3478 attulit
854 3296 2089 3490 lulluaallummmnu

565 3485 599 3557 sa
625 3505 786 3556 tormenta
810 3485 979 3558 audiantur
1000 3493 1162 3580 usquead
1182 3514 1313 3584 portum
1330 3493 1462 3589 Ferrajo
1480 3494 1540 3568 66.
1564 3445 1948 3574 miluribtuduirntem
1995 3489 2091 3564 Nihil

567 3584 650 3694 certi
694 3581 781 3653 uoad
798 3580 867 3654 soni
883 3577 1004 3658 limites
1013 3585 1102 3658 alleri
1119 3591 1248 3680 potest,
1274 3595 1372 3682 quia,
1387 3593 1507 3664 etiamst
1523 3589 1714 3688 magnitudo
1730 3590 1813 3664 Soni
1825 3585 2093 3688 cognosceretur,

564 3695 634 3794 epus
655 3601 852 3776 pbopagatio
875 3681 1030 3794 pendete
1051 3683 1120 3796 §oli
1137 3685 1391 3775 constitutione,
1415 3711 1550 3762 avemo
1564 3688 1696 3762 adverso
1708 3739 1720 3776 ,
1733 3688 1787 3762 vel
1803 3687 1974 3784 secundo,
1998 3685 2097 3760 lenio·

565 3799 615 3860 n,
636 3775 688 3848 vel
703 3777 957 3860 uehemennori,
974 3779 1015 3848 ab
1032 3781 1116 3849 aeris
1129 3786 1288 3871 puritate,
1303 3785 1345 3855 ab
1353 3788 1542 3858 intermixtis
1551 3788 1747 3880 vaporibus,
1762 3783 2095 3872 autexhalationibtu,

564 3873 701 3980 pluvia,
727 3873 821 3956 nive,
847 3871 988 3960 nebula,
1013 3873 1054 3944 ab
1072 3878 1154 3946 airis
1169 3877 1376 3966 elasticitatc,
1401 3884 1576 3971 ueritate,
1601 3883 1730 3970 calore,
1756 3879 1851 3956 &ab
1864 3881 2040 3956 intervallis
2052 3887 2095 3955 in·

567 3989 620 4042 rer
637 3965 776 4083 singulas
796 3966 991 4059 particulae,
1016 3965 1050 4042 dc
1070 3971 1201 4048 sorfitan
1226 3977 1268 4048 ab
1293 3979 1469 4054 innumeris
1491 3980 1561 4053 aliis
1583 3983 1751 4076 hucusque
1771 3983 1949 4079 incognitis
1975 3979 2093 4052 mulia:

569 4065 635 4140 Sed
651 4087 738 4182 quta·
748 4065 908 4182 intensitas
926 4064 1007 4140 Soni
1020 4068 1196 4160 decrescit,
1220 4096 1320 4168 prout
1335 4081 1488 4169 quadrata
1504 4077 1723 4152 distantiarum
1737 4077 1940 4164 increscunt,
1963 4077 2094 4149 tandem

452 4201 455 4206 ·
566 4167 603 4236 in
627 4163 826 4282 notabilibus
850 4165 1023 4281 interuallis
1045 4167 1082 4240 fit
1097 4172 1260 4246 intensus
1283 4175 1368 4248 adeo
1385 4199 1503 4272 parva,
1528 4199 1565 4249 ut
1583 4175 1793 4269 pususaerel
1806 4177 1913 4256 sonori
1934 4177 2097 4247 membra·

567 4284 644 4334 Μ
669 4284 813 4355 tymim!
843 4284 928 4332 fluns
954 4282 1168 4342 commovere
1189 4293 1371 4366 nequeant:
1397 4275 1458 4348 hac
1482 4278 1568 4346 enim
1594 4278 1628 4347 in
1646 4295 1799 4350 tremores
1815 4292 1880 4344 non
1904 4271 2094 4358 conano,

560 4359 679 4431 ‘Sonus
708 4381 777 4432 non
799 4360 957 4429 audietur.
1007 4361 1174 4439 Ponamus
1197 4372 1230 4440 in
1253 4373 1364 4464 aliquo
1386 4373 1459 4445 casu
1479 4373 1604 4463 pulsum
1626 4371 1752 4466 apulsu
1767 4369 1866 4446 a'e'teo
1883 4366 1998 4439 distare
2023 4391 2095 4442 uno

402 4557 413 4578 ·
560 4455 677 4576 pede,
703 4449 738 4526 dc
756 4456 881 4572 Sotium
902 4455 1003 4528 audiri
1020 4462 1054 4534 iu
1068 4463 1212 4538 distantia
1231 4487 1289 4559 50.
1305 4472 1485 4543 milliarium
1497 4470 1702 4559 Italicorum,
1728 4467 1790 4544 live
1805 4467 2093 4563 peduma4oooo.

570 4566 642 4619 tum
668 4555 729 4622 erlt
753 4552 835 4623 Sum
857 4553 1020 4631 inteniitaa
1041 4562 1075 4633 in
1093 4565 1202 4656 primo
1216 4565 1386 4641 intervallo
1403 4569 1445 4641 ad
1461 4591 1532 4641 eam
1555 4573 1588 4643 in
1611 4569 1816 4670 longiffimo,
1841 4563 1940 4639 veluti
1962 4566 2095 4656 quadra·

563 4662 642 4736 num
663 4665 706 4719 ex
731 4671 888 4737 240000.
911 4651 953 4728 ad
982 4678 1013 4732 1.
1033 4658 1096 4736 five
1119 4665 1167 4737 uti
1192 4667 1473 4763 57600000000.
1498 4671 1539 4745 ad
1568 4696 1599 4750 1.
1650 4672 1732 4748 ldeo
1752 4667 1934 4748 mitandum
1949 4664 2096 4836 nonTell,

570 4817 596 4830 .,
716 4805 720 4812 -
764 4823 769 4830 ,
894 4815 899 4822 .
1110 4807 1115 4816 .
1369 4819 1372 4824 ,
1431 4799 1437 4810 ·
2045 4782 2094 4835 01·

644 4927 706 5004 (a)
726 4929 897 5015 Philosoph.
919 4941 1025 5008 Trana·
1046 4946 1106 5030 blo·
1129 4964 1191 5036 ug
