4992 6767
582 785 590 802 ,,
671 694 1022 786 truncans
1068 693 1156 784 nr
1201 694 1295 784 ox
1338 692 1655 804 rrsroun..
1843 717 1932 815 ῃ,

1846 901 1903 1028 ἒ.

395 975 443 1029 rat
456 975 614 1050 appatens
629 958 779 1046 corporis
803 956 836 1028 A
850 955 912 1027 erit
925 951 967 1025 ad
984 951 1181 1027 celeritatem
1197 943 1350 1050 corporis¹
1361 953 1638 1050 Rapparentem,
1664 926 1770 1090 uti}
1785 953 1827 1027 ad
1848 1018 1887 1094 R

454 1134 490 1206 Si
523 1136 703 1207 celeritates
725 1131 845 1206 suerint
865 1133 1131 1225 proportionales·
1147 1133 1303 1206 distantiis
1325 1137 1367 1206 ab
1388 1135 1488 1206 oculo
1513 1132 1562 1209 Ο.
1584 1131 1761 1226 &objesla
1779 1133 1841 1221 A,
1872 1131 1933 1219 B,—

398 1234 578 1346 inceperint
600 1231 739 1305 stmulin
762 1232 877 1302 eadem
899 1234 986 1303 retra
1008 1233 1153 1317 moveri,
1177 1233 1380 1325 apparebunt
1404 1231 1576 1325 conjunrla
1594 1236 1630 1306 iu
1654 1233 1687 1307 C
1712 1229 1748 1304 dr
1770 1229 1804 1304 E
1827 1250 1933 1352 atque·

400 1328 675 1521 ltaSisegplnrljori
696 1425 822 1500 seratur·
841 1426 1006 1498 celeritate
1029 1445 1126 1518 quam
1152 1448 1227 1520 quae
1252 1426 1407 1499 distantiis
1430 1427 1479 1502 est
1498 1427 1776 1526 proportionalis,
1802 1424 1931 1502 videbi

400 1541 452 1596 tut
475 1523 503 1595 B
529 1543 723 1617 precurrere
747 1545 868 1616 corpus
893 1524 937 1594 Α.

447 1620 483 1694 Si
507 1621 537 1692 B
561 1620 680 1694 feratur
704 1623 824 1694 minori
849 1620 1035 1705 celeritate,
1060 1619 1221 1693 videbitur
1243 1622 1429 1715 praecedere
1452 1622 1492 1692 Bt

449 1744 482 1846 s.
505 1746 847 1824 mmccccxxx.
872 1744 953 1839 Ope
974 1745 1057 1820 visus
1078 1747 1174 1818 etiam
1197 1768 1291 1820 mens
1313 1748 1355 1820 dc
1378 1745 1540 1822 distantiis·
1556 1749 1760 1841 objeslorum
1779 1743 1930 1844 judicat,-

401 1839 591 1938 &quidem
613 1848 706 1918 variis
727 1845 846 1919 modis.

454 1993 504 2045 ιο.
529 1973 583 2045 Ex
604 1974 752 2068 angulo,
772 1992 871 2065 quem
895 1966 994 2043 ambo
1015 1989 1092 2042 axes
1116 1972 1219 2061 optici
1245 1968 1346 2056 CA,
1378 1969 1478 2063 D'n,
1503 1971 1545 2043 ad
1567 1971 1599 2043 se
1620 1967 1831 2055 inclinantes,
1857 1959 2077 2080 &cfsi‘l-ffffl

400 2092 631 2147 concurrentes
656 2074 689 2141 in
714 2073 775 2156 A,
807 2066 969 2140 sonarent:
993 2068 1050 2159 qui
1071 2067 1094 2137 li
1116 2088 1255 2164 magnus
1272 2068 1339 2159 stt,
1372 2069 1535 2161 objeoum
1560 2067 1607 2140 est
1627 2070 1867 2159 propinquum,
1899 2068 1924 2138 fi
1990 2061 1999 2083 ⁸
2031 2059 2042 2083 '
2073 2085 2077 2093 ·

397 2189 535 2260 parvus,
567 2165 737 2258 objeslum
758 2166 833 2258 plus
858 2166 969 2238 distat:
992 2184 1141 2236 attamen·
1154 2164 1235 2236 nihil
1257 2165 1394 2254 amplius
1424 2166 1618 2260 distinguere
1640 2166 1683 2235 de
1702 2166 1928 2259 magnitudine

395 2266 487 2358 hujus
504 2265 612 2361 anguli
628 2263 819 2355 possumus,
844 2260 1049 2352 fiobjertum
1066 2260 1178 2350 majori
1194 2261 1363 2329 intervallo
1379 2264 1420 2330 ab
1437 2261 1560 2343 oculo,
1585 2283 1682 2350 quam
1705 2281 1784 2330 rao.
1802 2262 1926 2349 pedum

396 2360 565 2442 abfuerit,
598 2360 788 2431 observante
813 2357 981 2427 Dechales
1006 2355 1098 2446 (a).
1148 2355 1213 2426 Sed
1235 2376 1304 2423 non
1329 2359 1373 2425 ite
1400 2358 1484 2426 bene
1508 2356 1662 2451 angulum
1687 2354 1925 2440 observamus,

396 2479 495 2551 quam
514 2456 649 2547 quidem
671 2473 800 2523 motum
827 2450 1031 2534 oculorum,
1071 2452 1127 2538 qui
1152 2450 1305 2521 sensibilis
1326 2452 1398 2536 eli,
1431 2454 1563 2543 quaudo
1586 2448 1717 2544 objesla
1736 2454 1926 2543 propinqua

398 2552 610 2647 spectamus,
631 2546 672 2619 &a
689 2549 765 2617 ideo
789 2547 831 2617 de
855 2546 1008 2617 distantiis
1033 2544 1239 2636 objectorum
1265 2552 1525 2639 propinquorum
1549 2548 1700 2619 discimus
1720 2546 1877 2639 judicare.

467 2650 502 2718 Si
531 2649 691 2740 igiturex
714 2645 886 2715 amborum
911 2641 1083 2714 oculorum
1108 2640 1292 2714 directione
1316 2645 1357 2716 ad
1383 2643 1552 2735 objedlum
1575 2646 1741 2716 distantiae
1760 2664 1935 2736 utcunque·

400 2745 594 2826 didicimus,
618 2761 696 2812 uno-
711 2740 878 2810 oculoeas
907 2759 975 2809 non
1000 2737 1257 2833 distinguemus,
1281 2762 1356 2811 nam
1383 2761 1451 2811 tum
1478 2742 1614 2835 angulus
1638 2739 1844 2812 ΕΑΒ-ιιοιι
1858 2741 1926 2813 for-

400 2861 507 2913 matur
527 2865 545 2911 ι-
570 2838 623 2908 sed
640 2835 706 2927 ipsa
727 2836 871 2906 distantia
893 2839 977 2906 inter
999 2835 1132 2906 oculum
1159 2832 1194 2905 δι
1218 2834 1386 2927 objellunr
1410 2837 1509 2907 videri
1531 2859 1601 2908 non
1625 2836 1757 2928 potest,
1792 2857 1866 2906 cunr
1889 2838 1932 2908 llt

399 2951 524 3010 tautum
549 2934 641 3003 linea.
660 2929 752 3004 resia
775 2934 985 3026 imaginaria,
1019 2927 1053 3001 δι
1078 2933 1154 3001 ideo
1178 2936 1212 3002 in
1236 2933 1337 3002 oculo
1357 2936 1504 3026 pingitur·
1519 2933 1621 3004 modo
1645 2928 1837 3023 objertum,
1868 2934 1935 3004 nist·⁴

397 3034 459 3105 alia
481 3028 516 3100 &
542 3028 633 3120 plura
661 3025 794 3118 objesla
819 3028 878 3097 fint
907 3026 1117 3119 intermedia,
1142 3049 1216 3119 qnae
1243 3029 1358 3098 omnia.
1378 3028 1470 3098 simul
1488 3031 1521 3099 in
1544 3027 1653 3100 oculo·
1668 3032 1862 3125 pingantur:
1888 3052 1928 3101 ut

398 3151 500 3203 unum
521 3127 686 3214 videamus
712 3123 785 3214 poll
811 3123 956 3193 alterum.
1328 3209 1332 3214 η

447 3224 486 3296 ld
514 3222 743 3304 conlimatur,
769 3221 790 3290 ll
816 3242 882 3290 uno
909 3218 1009 3288 oculo
1026 3239 1085 3308 per
1103 3222 1260 3314 exiguum
1282 3216 1428 3289 sonantem
1447 3215 1617 3310 objedlum
1633 3220 1842 3304 intueamur,¹
1857 3217 1936 3311 ejus

398 3322 576 3395 distantiam
603 3341 671 3389 non
688 3320 939 3411 cognoscemus:
967 3312 1178 3386 &interdum
1195 3335 1329 3405 apparet
1346 3315 1498 3403 srutplex,
1524 3315 1686 3387 interdum
1700 3315 1836 3407 duplex:
1870 3339 1927 3389 aut

399 3415 655 3492 litransvtrsum
679 3412 832 3486 bacillum
856 3413 945 3481 alteri
973 3412 1074 3504 longo
1100 3413 1141 3482 ad
1160 3413 1314 3507 arrgulum
1338 3410 1468 3483 redium
1489 3412 1743 3508 alligaremus,
1769 3409 1857 3484 &in
1881 3414 1928 3485 al·

401 3517 538 3588 titudine
570 3511 658 3582 oculi
689 3509 826 3578 annulus
849 3508 942 3602 digiti
966 3528 1005 3574 ex
1029 3506 1084 3576 srlo
1107 3512 1141 3578 in
1162 3510 1238 3578 aste
1264 3508 1431 3596 pendeat,
1464 3531 1500 3578 ut
1522 3530 1647 3578 tatrtunr
1670 3530 1689 3577 a
1710 3506 1809 3578 lutere
1832 3508 1929 3600 possrt

405 3616 495 3684 cenni
516 3659 528 3691 ,
559 3607 703 3695 absitque
724 3605 765 3672 ab
789 3601 889 3671 oculo
916 3603 967 3671 vel
992 3623 1058 3671 uno
1081 3605 1133 3672 vel
1157 3604 1316 3693 duobus,
1348 3605 1449 3672 tribus
1474 3624 1651 3694 quatuorve
1673 3602 1831 3692 pedibus;
1857 3627 1933 3678 tum

402 3705 512 3782 clauso
539 3704 694 3773 alterutro
725 3698 855 3782 oculo,
888 3719 930 3769 ne
958 3698 1089 3786 quidem
1114 3698 1187 3789 post
1209 3698 1356 3770 sexcenta
1378 3701 1520 3788 pericula
1541 3698 1693 3771 bacillum
1716 3701 1927 3772 transversum

403 3827 464 3898 per
487 3799 642 3871 annulum
666 3793 879 3886 trajiciemus,
913 3793 1002 3883 quod
1027 3792 1088 3864 levi
1108 3816 1208 3884 opera
1229 3796 1389 3866 ambobus
1414 3799 1531 3885 apertis
1558 3795 1663 3868 oculis
1684 3795 1731 3865 lit.
1782 3795 1816 3867 Si
1837 3800 1927 3871 enim

404 3896 575 3992 objeslum
598 3915 665 3965 non
687 3891 821 3962 multum
849 3890 930 3959 ultra
952 3889 1085 3959 limitem
1109 3888 1268 3962 dilllnslae
1289 3892 1417 3962 risonis
1450 3891 1616 3976 abfuerit,
1642 3894 1814 3983 opinamur
1826 3894 1859 3964 id
1875 3894 1926 3966 ul·

404 4001 503 4070 terius
523 4016 540 4062 a
559 3991 654 4061 nobis
668 3985 784 4058 abesse.
837 3987 870 4058 Si
883 3982 1052 4077 objeslum
1067 3989 1148 4056 intra
1164 3985 1281 4059 limites
1300 3985 1459 4059 distinslae
1472 3990 1601 4058 visionis
1617 3989 1756 4077 polrtunr
1776 3988 1841 4076 fit,
1855 3990 1935 4081 ejus-

403 4096 514 4166 locum
535 4087 724 4179 propiorem
748 4106 826 4156 vero
851 4085 1037 4173 opinamur:
1064 4083 1141 4153 ideo
1165 4084 1277 4153 diversr
1293 4083 1444 4153 homines
1467 4087 1724 4171 experimentum
1747 4089 1780 4155 in
1803 4087 1928 4159 armulo

403 4186 555 4278 suspenso
576 4186 742 4274 capientes
764 4202 851 4252 nunc
877 4178 1030 4249 bacillum
1051 4181 1178 4262 minus,
1202 4200 1290 4246 nunc
1312 4181 1406 4246 nimis
1432 4176 1590 4247 exserunt.

448 4283 570 4377 Longo
591 4299 698 4350 tamen
720 4276 777 4347 usu
800 4274 970 4348 monoculi
989 4272 1150 4343 dillantias
1166 4274 1310 4354 discunt,
1336 4275 1410 4361 quia
1427 4272 1603 4343 assuescunt
1619 4270 1784 4344 attendere
1797 4273 1839 4344 ad
1853 4293 1926 4345 mo·

402 4403 470 4456 nrm
507 4380 645 4471 partium
679 4379 714 4447 in
739 4378 867 4445 interno
885 4370 1011 4454 oculo,
1037 4371 1079 4441 ad
1100 4373 1201 4441 varias
1222 4367 1337 4443 Lentis
1356 4369 1542 4458 crystallinae
1566 4368 1727 4443 distantias
1749 4392 1768 4441 a
1791 4374 1924 4457 retina,

403 4502 476 4571 quae
499 4474 635 4566 majores
661 4473 732 4544 sunt
750 4472 861 4562 posrtis
879 4466 1018 4562 objectis
1032 4471 1244 4560 propinquis,
1269 4469 1412 4540 minores
1428 4467 1538 4561 politis
1553 4470 1703 4542 remotis:
1728 4489 1798 4542 tum
1819 4488 1928 4543 atten-

401 4577 486 4648 dunt
507 4573 694 4642 admotum
721 4567 938 4639 musculorum
962 4586 1168 4637 externorum
1193 4567 1293 4638 oculi.
1469 4561 1472 4568 ’

455 4669 621 4763 Quoniam
640 4687 718 4735 vero
739 4667 774 4735 in
797 4666 972 4758 majoribus
993 4664 1146 4736 distantiis
1173 4666 1225 4736 rix
1254 4664 1443 4744 discrimen,
1468 4663 1576 4736 saltem
1599 4685 1666 4739 non
1686 4664 1922 4744 observandum

402 4770 446 4848 ab
471 4762 598 4846 oculo,
629 4762 713 4831 inter
732 4762 866 4858 angulos
894 4758 1043 4856 CAD,
1068 4783 1124 4842 aut
1145 4782 1255 4844 motus
1277 4766 1418 4864 partium
1443 4766 1475 4840 in
1497 4763 1597 4842 oculu
1620 4763 1733 4857 datur,
1758 4768 1801 4843 de
1819 4767 1924 4938 mago·

1837 4867 1865 4940 ri
1888 4869 1931 4934 us

476 4952 982 5042 sermocinarentur
1827 4940 1852 4958 “’
