4992 6767
612 681 860 776 SIVE
940 684 1064 775 DE
1145 683 1613 784 qurrs·
1754 698 1871 804 '1099

291 895 293 904 '
331 893 419 968 'niti
448 890 535 960 inter
561 883 680 957 ambos
712 881 859 973 tropicos
891 874 1145 994 aestimantur
1174 883 1417 979 padoa‘cubrti
1439 885 1547 998 Aqua
1574 862 1731 980 quobbet
1758 885 1812 960 die

435 1003 686 1188 ⁷⁶¹l‘i‘32000

415 1268 683 1364 38070000000

388 1365 513 1465 5329ss

365 1470 488 1557 6091'2

363 1568 463 1658 7614

344 1731 695 1826 14276250000'000.
1149 1820 1153 1828 μ
1255 1817 1258 1822 Ι

388 1843 423 1914 st
442 1859 621 1932 ponamus,
636 1855 752 1928 aquam
767 1835 801 1905 in
817 1843 972 1924 vaporem
988 1826 1110 1902 versam
1133 1824 1198 1902 esse
1227 1848 1320 1904 rooo
1345 1834 1521 1921 sadotem,
1540 1849 1614 1908 ‘tunt
1632 1835 1734 1930 pedes
1752 1835 1861 1914 cuhicl

339 1959 498 2031 vaporum
523 1934 687 2028 impleturi
718 1928 963 2022 atmosphaeram
992 1928 1077 1999 inter
1106 1926 1273 2021 Tropicos
1303 1949 1399 2001 erunt
1428 1929 1863 2024 142762500'0000000'01

339 2037 501 2128 lquibus
523 2054 593 2104 non
616 2030 722 2124 potest
751 2050 819 2100 non
850 2023 1061 2118 atmosphaem
1087 2026 1120 2095 in
1152 2024 1254 2096 altum
1280 2025 1383 2118 pelli:
1418 2025 1511 2118 posui
1543 2028 1652 2100 autem
1686 2052 1860 2106 numerum

336 2151 492 2225 vaporum
517 2127 622 2198 multo
646 2130 805 2197 minorem
831 2146 938 2208 vero,
975 2123 1052 2211 quia
1076 2143 1164 2191 mare
1190 2123 1213 2193 d
1238 2123 1335 2192 radiis
1359 2122 1446 2195 Sulis
1470 2125 1555 2195 recta
1584 2124 1719 2213 feritur,
1752 2128 1861 2202 multo

337 2236 408 2324 plus
429 2224 610 2309 incalescit,
637 2219 672 2294 &
696 2223 838 2293 exhalat:
866 2219 920 2288 sed
941 2216 1011 2286 haec
1038 2220 1198 2307 quantitas
1220 2216 1354 2304 sufficit,
1383 2239 1419 2289 ut
1440 2218 1633 2315 colligamus
1656 2243 1728 2294 tuto
1753 2244 1860 2298 atmo-

337 2330 489 2419 sphaeram
515 2344 534 2389 a
555 2320 730 2409 vaporibus
752 2312 1023 2385 adscendentibus
1047 2315 1081 2383 in
1113 2311 1270 2405 majorem
1299 2313 1500 2386 altitudinem
1532 2315 1690 2413 surgere,
1719 2339 1756 2390 ut
1779 2321 1858 2394 late·

337 2427 443 2496 ralitet
468 2414 612 2500 defluat,
636 2409 670 2484 dr
698 2431 869 2483 ventorum
900 2408 1119 2501 expositorum
1146 2409 1238 2481 causa
1263 2410 1321 2481 sit:
1358 2414 1433 2503 quia
1459 2412 1536 2483 huic
1553 2434 1654 2485 vento
1676 2420 1858 2507 appropia·⁸

337 2519 449 2613 quanti
472 2512 634 2583 littoribus
656 2511 817 2580 Americae
844 2528 975 2580 montes
1000 2507 1165 2597 resistunt,
1196 2507 1355 2600 placidius
1377 2507 1535 2600 spirabit,
1559 2532 1629 2601 quo
1651 2515 1787 2605 propior
1810 2516 1859 2589 est

335 2614 524 2694 aimerice,
558 2609 648 2700 quod
676 2627 781 2678 nautae
805 2629 846 2679 ex
877 2604 1154 2678 observationibus
1177 2604 1348 2678 testantur:
1379 2604 1447 2678 hoc
1478 2606 1548 2679 aliis
1578 2607 1857 2687 observationibus

335 2711 528 2790 confirmate
553 2704 700 2797 pullum
723 2703 771 2775 est
795 2708 828 2776 in
854 2701 960 2776 Insula
983 2703 1170 2800 Spitsberga
1200 2704 1321 2800 longus
1346 2707 1508 2777 montium
1532 2703 1686 2792 trabium
1718 2709 1857 2782 balaena·

337 2836 408 2887 rum
433 2810 611 2899 piscatores
634 2802 779 2875 adhunc
803 2802 937 2875 insulam
969 2800 1197 2895 adnavigantes
1224 2802 1262 2871 in
1292 2800 1438 2871 distantia
1465 2820 1510 2894 ῖς
1535 2802 1717 2875 milliarium
1742 2806 1860 2903 Angli·

336 2928 452 2983 corum
483 2922 617 2975 ventum
649 2898 827 2972 secundum
869 2898 991 2969 modici
1026 2900 1167 2989 impetus
1198 2899 1434 2988 experiuntur,
1470 2897 1523 2969 sed
1555 2901 1612 2992 qai
1645 2903 1679 2973 in
1709 2900 1858 2977 distantia

335 3025 421 3171 T}-
444 3052 625 3124 milliarium
648 3048 691 3116 ab
715 3046 817 3121 insula
838 3045 906 3118 fere
929 3067 1063 3139 pacatus
1087 3043 1157 3117 est:
1189 3047 1326 3137 propius
1349 3048 1542 3121 accedentes
1561 3068 1694 3124 ventum
1718 3050 1858 3125 sentitmt
1987 3095 1999 3120 -.

336 3199 523 3288 adversum,
547 3223 566 3272 a
589 3195 757 3270 montibus
780 3191 902 3263 scilicet
924 3190 1142 3282 repercussum
1172 3188 1280 3285 (a):
1313 3192 1388 3265 vide
1411 3193 1477 3264 alas
1502 3193 1601 3267 molae
1624 3216 1644 3266 a
1666 3217 1768 3269 vento
1788 3146 1871 3295 agi.⁸

337 3325 437 3388 tatas,
462 3322 538 3373 cum
563 3295 612 3367 ala
635 3291 770 3365 inferior
794 3289 841 3359 est
864 3308 885 3357 e
907 3289 1045 3382 regione
1069 3292 1219 3379 corporis
1244 3288 1363 3375 molae,
1396 3290 1505 3363 velam
1537 3291 1716 3364 extrorsum
1742 3294 1784 3365 ab
1806 3294 1863 3366 ala.

335 3404 465 3495 pellitur
489 3412 704 3489 perventum
729 3413 749 3460 a
775 3386 864 3456 mola
885 3387 1141 3455 reverberatum:
1167 3406 1297 3458 montes
1317 3386 1382 3476 jam
1399 3390 1586 3461 Americani
1606 3389 1649 3461 ad
1667 3390 1766 3462 latera
1779 3409 1859 3464 ven-

335 3520 405 3570 tum
429 3496 679 3566 determinantes
703 3485 877 3558 efficiunt,
908 3499 946 3544 ut
974 3480 1107 3565 paulum
1140 3481 1234 3549 latius
1266 3479 1463 3555 diffundatur
1493 3505 1609 3557 ventus
1633 3490 1667 3557 in
1694 3486 1859 3566 littoribus

337 3594 518 3671 Americae,
543 3601 643 3674 quam
666 3577 801 3667 quidem
825 3575 859 3640 in
882 3569 993 3640 Africa
1016 3572 1236 3646 inchoaverat.
1598 3591 1604 3602 ·

389 3710 422 3800 §.
448 3697 699 3778 MMDLVlll.
722 3689 931 3766 Comitemttr
949 3692 1015 3786 jam
1037 3693 1170 3780 Solem,
1193 3694 1452 3788 hemispherium
1479 3698 1590 3772 Terre
1617 3702 1756 3774 boreum
1785 3703 1859 3775 illu·

340 3813 538 3889 minantem,
563 3793 749 3870 &cursum
773 3791 863 3865 suum
887 3793 928 3860 ab
954 3789 1141 3881 AEquatore
1164 3791 1206 3863 ad
1234 3794 1491 3884 septemtriones
1518 3796 1762 3870 insedentem:
1787 3813 1858 3872 tum

341 3903 573 3994 atmosphaera,
600 3915 673 3989 quae
688 3888 828 3961 Oceano
843 3886 1015 3959 Atlantico
1030 3890 1197 3974 imminet,
1222 3890 1344 3962 ditetie
1360 3915 1379 3961 a
1396 3893 1481 3965 Solis
1497 3896 1592 3966 radiis
1607 3895 1759 3969 calesadia
1773 3897 1859 3970 Sub·

342 4003 442 4076 sulani
465 3997 558 4070 causa
580 3987 701 4065 suisset:
724 4004 862 4079 propter
885 3982 1048 4056 lateralem
1070 3988 1168 4083 igitur
1189 3988 1276 4061 aeris
1299 3991 1488 4080 appulsum,
1524 3995 1582 4084 qui
1608 3993 1777 4084 spiraverat
1800 4010 1869 4068 att·¹

343 4122 394 4171 tea
418 4096 564 4187 Aquilo,
589 4107 676 4164 nunc
699 4081 800 4178 paulo
824 4084 960 4174 propius
983 4082 1025 4152 ad
1049 4106 1161 4154 verum
1181 4084 1396 4157 Subsolanum
1419 4109 1549 4184 verget:
1582 4090 1770 4161 Australiori
1794 4112 1856 4161 au·

343 4218 408 4267 tem
429 4194 638 4283 AEthyopico
660 4182 799 4255 Oceano
822 4181 1000 4250 imminens
1022 4182 1116 4263 A'et,
1145 4180 1277 4274 jamque
1308 4182 1483 4278 frigidior,
1515 4205 1612 4275 quam
1637 4207 1714 4258 cum
1739 4185 1796 4256 Sol
1821 4188 1855 4259 in

341 4293 528 4385 AEquatore
550 4285 751 4366 malchaam,
776 4277 852 4348 ideo
878 4298 1013 4369 quoque
1041 4277 1199 4364 denitur,
1230 4278 1344 4372 majori
1376 4283 1501 4373 impetu
1524 4281 1644 4352 laterali
1671 4280 1793 4353 feretur
1813 4282 1856 4355 ad

341 4394 450 4463 adrem
466 4385 679 4467 calesadtum,
705 4375 742 4451 dr
765 4395 860 4446 motu
873 4376 977 4471 mags
995 4374 1138 4447 Australi
1150 4426 1165 4466 ,
1191 4378 1247 4469 qui
1262 4375 1357 4461 facit,
1389 4397 1425 4450 ut
1438 4377 1546 4449 Eurus
1570 4378 1625 4448 fiat
1642 4378 1855 4468 .Aullralior,

342 4507 397 4559 aut
421 4486 487 4555 sere
513 4484 548 4550 in
581 4478 736 4549 Austrum
759 4489 909 4546 vertatur.

388 4610 419 4708 d.
450 4599 669 4679 MMDLIX.
701 4596 907 4686 Ai'ropieo
934 4597 1058 4672 ¹Cancri
1087 4598 1129 4671 ad
1159 4594 1381 4693 AEquatotem
1411 4602 1568 4677 redeunte
1598 4605 1703 4694 Sole,
1740 4606 1856 4683 senfin

343 4708 504 4786 Atlantici
521 4705 618 4777 maria
637 4695 765 4792 Aquilo
786 4696 973 4771 orientalior
987 4701 1022 4770 in
1037 4718 1156 4792 ,verum
1175 4698 1380 4795 Aquilonem
1401 4721 1542 4778 vertetur
1561 4754 1572 4793 ,
1595 4725 1733 4803 propter
1745 4704 1859 4873 latferalg

417 4984 477 5081 (a)
498 4971 585 5066 clue
601 4997 654 5067 the
673 4992 796 5067 bladon
816 4994 855 5064 vs
865 4971 962 5063 dultin
979 5006 1047 5074 pag.
1073 4992 1176 5144 πάι
1200 5092 1248 5146 n
1274 5085 1322 5145 n
