<?xml version="1.0" encoding="UTF-8"?>
<!DOCTYPE html PUBLIC "-//W3C//DTD XHTML 1.0 Transitional//EN"
    "http://www.w3.org/TR/xhtml1/DTD/xhtml1-transitional.dtd">
<html xmlns="http://www.w3.org/1999/xhtml" xml:lang="en" lang="en">
 <head>
  <title>
</title>
<meta http-equiv="Content-Type" content="text/html;charset=utf-8" />
  <meta name='ocr-system' content='tesseract 3.04.00' />
  <meta name='ocr-capabilities' content='ocr_page ocr_carea ocr_par ocr_line ocrx_word'/>
</head>
<body>
  <div class='ocr_page' id='page_1' title='image "./introductioadph00lulogoog_0304.png"; bbox 0 0 4992 6767; ppageno 0'>
   <div class='ocr_carea' id='block_1_1' title="bbox 554 613 1890 763">
    <p class='ocr_par' dir='ltr' id='par_1_1' title="bbox 554 613 1890 763">
     <span class='ocr_line' id='line_1_1' title="bbox 554 613 1890 763; baseline -0.01 -24"><span class='ocrx_word' id='word_1_1' title='bbox 554 655 640 763; x_wconf 73' lang='lat'>77⁶</span> <span class='ocrx_word' id='word_1_2' title='bbox 747 644 839 735; x_wconf 84' lang='lat' dir='ltr'>ua</span> <span class='ocrx_word' id='word_1_3' title='bbox 875 613 1083 732; x_wconf 81' lang='lat' dir='ltr'>auem</span> <span class='ocrx_word' id='word_1_4' title='bbox 1117 634 1480 729; x_wconf 83' lang='lat' dir='ltr'>unnusrru</span> <span class='ocrx_word' id='word_1_5' title='bbox 1514 639 1640 726; x_wconf 77' lang='lat' dir='ltr'>aaa</span> <span class='ocrx_word' id='word_1_6' title='bbox 1677 639 1890 729; x_wconf 79' lang='lat' dir='ltr'>ocurr</span> 
     </span>
    </p>
   </div>
   <div class='ocr_carea' id='block_1_2' title="bbox 554 833 2081 1128">
    <p class='ocr_par' dir='ltr' id='par_1_2' title="bbox 554 833 2081 1128">
     <span class='ocr_line' id='line_1_2' title="bbox 554 833 2077 932; baseline -0.001 -17"><span class='ocrx_word' id='word_1_7' title='bbox 554 843 646 916; x_wconf 87' lang='lat' dir='ltr'>ribus</span> <span class='ocrx_word' id='word_1_8' title='bbox 669 839 821 912; x_wconf 86' lang='lat' dir='ltr'>distantiis</span> <span class='ocrx_word' id='word_1_9' title='bbox 852 859 1056 932; x_wconf 77' lang='lat' dir='ltr'><strong>nequaquam</strong></span> <span class='ocrx_word' id='word_1_10' title='bbox 1080 857 1204 910; x_wconf 89' lang='lat' dir='ltr'>certum</span> <span class='ocrx_word' id='word_1_11' title='bbox 1226 835 1384 907; x_wconf 89' lang='lat' dir='ltr'>formatur</span> <span class='ocrx_word' id='word_1_12' title='bbox 1406 834 1590 927; x_wconf 85' lang='lat' dir='ltr'>judicium,</span> <span class='ocrx_word' id='word_1_13' title='bbox 1624 833 1675 904; x_wconf 85' lang='lat' dir='ltr'>scd</span> <span class='ocrx_word' id='word_1_14' title='bbox 1702 834 1862 926; x_wconf 83' lang='lat' dir='ltr'>saepiffime</span> <span class='ocrx_word' id='word_1_15' title='bbox 1886 858 2077 913; x_wconf 87' lang='lat' dir='ltr'>erroneum:</span> 
     </span>
     <span class='ocr_line' id='line_1_3' title="bbox 557 932 2081 1031; baseline 0.001 -21"><span class='ocrx_word' id='word_1_16' title='bbox 557 940 635 1011; x_wconf 89' lang='lat' dir='ltr'>ideo</span> <span class='ocrx_word' id='word_1_17' title='bbox 657 940 762 1009; x_wconf 87' lang='lat' dir='ltr'>intuiti</span> <span class='ocrx_word' id='word_1_18' title='bbox 782 935 930 1031; x_wconf 84' lang='lat' dir='ltr'>Nubes,</span> <span class='ocrx_word' id='word_1_19' title='bbox 961 934 1118 1021; x_wconf 84' lang='lat' dir='ltr'>Lunam,</span> <span class='ocrx_word' id='word_1_20' title='bbox 1151 934 1289 1017; x_wconf 89' lang='lat' dir='ltr'>Solem,</span> <span class='ocrx_word' id='word_1_21' title='bbox 1320 932 1495 1016; x_wconf 88' lang='lat' dir='ltr'>Planetas,</span> <span class='ocrx_word' id='word_1_22' title='bbox 1527 932 1623 1003; x_wconf 82' lang='lat' dir='ltr'>Fixus</span> <span class='ocrx_word' id='word_1_23' title='bbox 1649 934 1683 1003; x_wconf 91' lang='lat' dir='ltr'>in</span> <span class='ocrx_word' id='word_1_24' title='bbox 1705 935 1774 1024; x_wconf 88' lang='lat' dir='ltr'>pati</span> <span class='ocrx_word' id='word_1_25' title='bbox 1802 933 1948 1005; x_wconf 90' lang='lat' dir='ltr'>distantia</span> <span class='ocrx_word' id='word_1_26' title='bbox 1972 938 2081 1010; x_wconf 80' lang='lat' dir='ltr'>abella</span> 
     </span>
     <span class='ocr_line' id='line_1_4' title="bbox 558 1056 742 1128; baseline -0.016 -20"><span class='ocrx_word' id='word_1_27' title='bbox 558 1056 742 1128; x_wconf 84' lang='lat' dir='ltr'>opinamur.</span> 
     </span>
    </p>
   </div>
   <div class='ocr_carea' id='block_1_3' title="bbox 448 1147 2087 2784">
    <p class='ocr_par' dir='ltr' id='par_1_3' title="bbox 448 1147 2085 1626">
     <span class='ocr_line' id='line_1_5' title="bbox 602 1147 2084 1250; baseline -0.005 -18"><span class='ocrx_word' id='word_1_28' title='bbox 602 1157 641 1250; x_wconf 68' lang='grc'>3.</span> <span class='ocrx_word' id='word_1_29' title='bbox 665 1153 1011 1232; x_wconf 84' lang='lat' dir='ltr'>MDCCCCXXlll.</span> <span class='ocrx_word' id='word_1_30' title='bbox 1043 1152 1109 1224; x_wconf 87' lang='lat' dir='ltr'>Sed</span> <span class='ocrx_word' id='word_1_31' title='bbox 1136 1171 1187 1221; x_wconf 80' lang='lat'>2⁰.</span> <span class='ocrx_word' id='word_1_32' title='bbox 1212 1151 1254 1221; x_wconf 92' lang='lat' dir='ltr'>de</span> <span class='ocrx_word' id='word_1_33' title='bbox 1284 1147 1437 1226; x_wconf 72' lang='lat' dir='ltr'>distantis</span> <span class='ocrx_word' id='word_1_34' title='bbox 1456 1149 1638 1241; x_wconf 88' lang='lat' dir='ltr'>judicamus</span> <span class='ocrx_word' id='word_1_35' title='bbox 1668 1172 1709 1221; x_wconf 82' lang='lat' dir='ltr'>ex</span> <span class='ocrx_word' id='word_1_36' title='bbox 1737 1152 1959 1247; x_wconf 71' lang='lat' dir='ltr'>magnitudine</span> <span class='ocrx_word' id='word_1_37' title='bbox 1983 1176 2084 1245; x_wconf 89' lang='lat' dir='ltr'>appa·</span> 
     </span>
     <span class='ocr_line' id='line_1_6' title="bbox 448 1245 2085 1360; baseline -0.004 -31"><span class='ocrx_word' id='word_1_38' title='bbox 448 1245 460 1268; x_wconf 58' lang='lat'>⁸</span> <span class='ocrx_word' id='word_1_39' title='bbox 553 1277 651 1331; x_wconf 86' lang='lat' dir='ltr'>rente</span> <span class='ocrx_word' id='word_1_40' title='bbox 672 1276 779 1326; x_wconf 92' lang='lat' dir='ltr'>rerum</span> <span class='ocrx_word' id='word_1_41' title='bbox 806 1258 1009 1350; x_wconf 88' lang='lat' dir='ltr'>cognitarum</span> <span class='ocrx_word' id='word_1_42' title='bbox 1029 1268 1215 1357; x_wconf 75' lang='lat' dir='ltr'>comparata</span> <span class='ocrx_word' id='word_1_43' title='bbox 1237 1267 1318 1359; x_wconf 34' lang='lat' dir='ltr'>cum·</span> <span class='ocrx_word' id='word_1_44' title='bbox 1337 1269 1411 1317; x_wconf 92' lang='lat' dir='ltr'>vera</span> <span class='ocrx_word' id='word_1_45' title='bbox 1433 1249 1665 1356; x_wconf 82' lang='lat' dir='ltr'>magnitudine.</span> <span class='ocrx_word' id='word_1_46' title='bbox 1716 1247 1796 1343; x_wconf 85' lang='lat' dir='ltr'>Quo</span> <span class='ocrx_word' id='word_1_47' title='bbox 1823 1252 1911 1360; x_wconf 76' lang='lat' dir='ltr'>enim</span> <span class='ocrx_word' id='word_1_48' title='bbox 1940 1253 2085 1322; x_wconf 83' lang='lat' dir='ltr'>minores</span> 
     </span>
     <span class='ocr_line' id='line_1_7' title="bbox 559 1342 2085 1535; baseline -0.015 -15"><span class='ocrx_word' id='word_1_49' title='bbox 559 1371 739 1533; x_wconf 65' lang='lat' dir='ltr'>lautu:</span> <span class='ocrx_word' id='word_1_50' title='bbox 759 1342 2085 1535; x_wconf 49' lang='lat' dir='ltr'>reilluminare::litai’allliutt&#39;luullli⁵leil:</span> 
     </span>
     <span class='ocr_line' id='line_1_8' title="bbox 562 1536 1409 1626; baseline -0.009 -10"><span class='ocrx_word' id='word_1_51' title='bbox 562 1548 653 1616; x_wconf 89' lang='lat' dir='ltr'>rain</span> <span class='ocrx_word' id='word_1_52' title='bbox 678 1545 747 1615; x_wconf 88' lang='lat' dir='ltr'>solo</span> <span class='ocrx_word' id='word_1_53' title='bbox 772 1543 943 1626; x_wconf 85' lang='lat' dir='ltr'>anteriori,</span> <span class='ocrx_word' id='word_1_54' title='bbox 967 1538 1020 1610; x_wconf 90' lang='lat' dir='ltr'>vel</span> <span class='ocrx_word' id='word_1_55' title='bbox 1043 1541 1077 1609; x_wconf 92' lang='lat' dir='ltr'>in</span> <span class='ocrx_word' id='word_1_56' title='bbox 1102 1536 1180 1607; x_wconf 93' lang='lat' dir='ltr'>loco</span> <span class='ocrx_word' id='word_1_57' title='bbox 1204 1536 1409 1608; x_wconf 77' lang='lat' dir='ltr'>intermedio.</span> 
     </span>
    </p>

    <p class='ocr_par' dir='ltr' id='par_1_4' title="bbox 562 1632 2086 2021">
     <span class='ocr_line' id='line_1_9' title="bbox 592 1632 2086 1733; baseline -0.002 -22"><span class='ocrx_word' id='word_1_58' title='bbox 592 1660 664 1733; x_wconf 21' lang='lat'><strong>¹3⁰.</strong></span> <span class='ocrx_word' id='word_1_59' title='bbox 689 1638 778 1711; x_wconf 88' lang='lat' dir='ltr'>Tum</span> <span class='ocrx_word' id='word_1_60' title='bbox 801 1661 842 1710; x_wconf 82' lang='lat' dir='ltr'>ex</span> <span class='ocrx_word' id='word_1_61' title='bbox 863 1635 1012 1711; x_wconf 72' lang='lat' dir='ltr'>dillinfta</span> <span class='ocrx_word' id='word_1_62' title='bbox 1032 1633 1084 1706; x_wconf 89' lang='lat' dir='ltr'>vel</span> <span class='ocrx_word' id='word_1_63' title='bbox 1109 1632 1241 1705; x_wconf 85' lang='lat' dir='ltr'>confusa</span> <span class='ocrx_word' id='word_1_64' title='bbox 1269 1653 1446 1725; x_wconf 83' lang='lat' dir='ltr'>apparente</span> <span class='ocrx_word' id='word_1_65' title='bbox 1476 1632 1683 1726; x_wconf 71' lang='lat' dir='ltr'>objed&#39;torum</span> <span class='ocrx_word' id='word_1_66' title='bbox 1715 1636 1876 1730; x_wconf 73' lang='lat' dir='ltr'>imagine:</span> <span class='ocrx_word' id='word_1_67' title='bbox 1903 1659 1972 1728; x_wconf 89' lang='lat' dir='ltr'>quo</span> <span class='ocrx_word' id='word_1_68' title='bbox 1998 1640 2086 1709; x_wconf 88' lang='lat' dir='ltr'>enirn</span> 
     </span>
     <span class='ocr_line' id='line_1_10' title="bbox 562 1729 2085 1831; baseline -0.001 -24"><span class='ocrx_word' id='word_1_69' title='bbox 562 1733 746 1810; x_wconf 65' lang='lat' dir='ltr'>distinctior</span> <span class='ocrx_word' id='word_1_70' title='bbox 769 1738 895 1831; x_wconf 85' lang='lat' dir='ltr'>imago,</span> <span class='ocrx_word' id='word_1_71' title='bbox 921 1755 964 1805; x_wconf 91' lang='lat' dir='ltr'>eo</span> <span class='ocrx_word' id='word_1_72' title='bbox 986 1731 1148 1824; x_wconf 72' lang='lat' dir='ltr'>euenum</span> <span class='ocrx_word' id='word_1_73' title='bbox 1171 1731 1312 1822; x_wconf 86' lang='lat' dir='ltr'>propius</span> <span class='ocrx_word' id='word_1_74' title='bbox 1336 1729 1400 1801; x_wconf 82' lang='lat' dir='ltr'>elle</span> <span class='ocrx_word' id='word_1_75' title='bbox 1422 1730 1517 1801; x_wconf 83' lang='lat' dir='ltr'>solet:</span> <span class='ocrx_word' id='word_1_76' title='bbox 1544 1732 1620 1799; x_wconf 88' lang='lat' dir='ltr'>ideo</span> <span class='ocrx_word' id='word_1_77' title='bbox 1650 1729 1781 1821; x_wconf 58' lang='lat' dir='ltr'>objecit</span> <span class='ocrx_word' id='word_1_78' title='bbox 1804 1735 1838 1802; x_wconf 92' lang='lat' dir='ltr'>in</span> <span class='ocrx_word' id='word_1_79' title='bbox 1859 1732 1977 1803; x_wconf 88' lang='lat' dir='ltr'>nebula</span> <span class='ocrx_word' id='word_1_80' title='bbox 1995 1733 2085 1824; x_wconf 89' lang='lat' dir='ltr'>spec·</span> 
     </span>
     <span class='ocr_line' id='line_1_11' title="bbox 563 1825 2085 1926; baseline -0.003 -22"><span class='ocrx_word' id='word_1_81' title='bbox 563 1854 668 1905; x_wconf 90' lang='lat' dir='ltr'>tantcs</span> <span class='ocrx_word' id='word_1_82' title='bbox 688 1833 868 1926; x_wconf 84' lang='lat' dir='ltr'>judicamus</span> <span class='ocrx_word' id='word_1_83' title='bbox 891 1831 954 1902; x_wconf 85' lang='lat' dir='ltr'>elle</span> <span class='ocrx_word' id='word_1_84' title='bbox 976 1830 1169 1913; x_wconf 75' lang='lat' dir='ltr'>remotiora:</span> <span class='ocrx_word' id='word_1_85' title='bbox 1195 1847 1335 1898; x_wconf 86' lang='lat' dir='ltr'>attamen</span> <span class='ocrx_word' id='word_1_86' title='bbox 1360 1828 1490 1917; x_wconf 90' lang='lat' dir='ltr'>quando</span> <span class='ocrx_word' id='word_1_87' title='bbox 1513 1825 1639 1918; x_wconf 74' lang='lat' dir='ltr'>objedia</span> <span class='ocrx_word' id='word_1_88' title='bbox 1663 1826 1733 1898; x_wconf 91' lang='lat' dir='ltr'>sunt</span> <span class='ocrx_word' id='word_1_89' title='bbox 1758 1830 1854 1899; x_wconf 92' lang='lat' dir='ltr'>nimis</span> <span class='ocrx_word' id='word_1_90' title='bbox 1877 1833 2085 1922; x_wconf 89' lang='lat' dir='ltr'>propinqua,</span> 
     </span>
     <span class='ocr_line' id='line_1_12' title="bbox 562 1923 1536 2021; baseline -0.009 -20"><span class='ocrx_word' id='word_1_91' title='bbox 562 1934 661 2001; x_wconf 89' lang='lat' dir='ltr'>etiam</span> <span class='ocrx_word' id='word_1_92' title='bbox 683 1949 839 2021; x_wconf 85' lang='lat' dir='ltr'>apparent</span> <span class='ocrx_word' id='word_1_93' title='bbox 863 1928 1016 2015; x_wconf 83' lang='lat' dir='ltr'>confusa,</span> <span class='ocrx_word' id='word_1_94' title='bbox 1042 1946 1105 1997; x_wconf 90' lang='lat' dir='ltr'>nec</span> <span class='ocrx_word' id='word_1_95' title='bbox 1132 1923 1402 2013; x_wconf 80' lang='lat' dir='ltr'>icimrquantum</span> <span class='ocrx_word' id='word_1_96' title='bbox 1424 1923 1536 1993; x_wconf 82' lang='lat' dir='ltr'>absint.</span> 
     </span>
    </p>

    <p class='ocr_par' dir='ltr' id='par_1_5' title="bbox 566 2018 2087 2291">
     <span class='ocr_line' id='line_1_13' title="bbox 614 2018 2087 2117; baseline -0.001 -20"><span class='ocrx_word' id='word_1_97' title='bbox 614 2046 666 2117; x_wconf 80' lang='lat'>4⁰.</span> <span class='ocrx_word' id='word_1_98' title='bbox 692 2027 779 2098; x_wconf 86' lang='lat' dir='ltr'>Tum</span> <span class='ocrx_word' id='word_1_99' title='bbox 806 2047 847 2096; x_wconf 83' lang='lat' dir='ltr'>ex</span> <span class='ocrx_word' id='word_1_100' title='bbox 868 2026 1035 2097; x_wconf 87' lang='lat' dir='ltr'>vivacitate</span> <span class='ocrx_word' id='word_1_101' title='bbox 1064 2021 1145 2092; x_wconf 89' lang='lat' dir='ltr'>lucis</span> <span class='ocrx_word' id='word_1_102' title='bbox 1166 2022 1207 2091; x_wconf 94' lang='lat' dir='ltr'>ab</span> <span class='ocrx_word' id='word_1_103' title='bbox 1228 2018 1368 2111; x_wconf 70' lang='lat' dir='ltr'>objectis</span> <span class='ocrx_word' id='word_1_104' title='bbox 1390 2019 1553 2109; x_wconf 79' lang='lat' dir='ltr'>reflexae,</span> <span class='ocrx_word' id='word_1_105' title='bbox 1587 2040 1661 2110; x_wconf 86' lang='lat' dir='ltr'>quae</span> <span class='ocrx_word' id='word_1_106' title='bbox 1685 2023 1832 2092; x_wconf 89' lang='lat' dir='ltr'>minora</span> <span class='ocrx_word' id='word_1_107' title='bbox 1856 2027 2087 2096; x_wconf 87' lang='lat' dir='ltr'>remotioribus</span> 
     </span>
     <span class='ocr_line' id='line_1_14' title="bbox 567 2114 2087 2216; baseline -0.001 -21"><span class='ocrx_word' id='word_1_108' title='bbox 567 2118 605 2195; x_wconf 74' lang='lat' dir='ltr'>bc</span> <span class='ocrx_word' id='word_1_109' title='bbox 624 2143 757 2194; x_wconf 87' lang='lat' dir='ltr'>contra:</span> <span class='ocrx_word' id='word_1_110' title='bbox 784 2124 860 2192; x_wconf 90' lang='lat' dir='ltr'>ideo</span> <span class='ocrx_word' id='word_1_111' title='bbox 882 2140 1013 2192; x_wconf 89' lang='lat' dir='ltr'>montes</span> <span class='ocrx_word' id='word_1_112' title='bbox 1034 2118 1099 2189; x_wconf 83' lang='lat' dir='ltr'>albi</span> <span class='ocrx_word' id='word_1_113' title='bbox 1121 2115 1173 2189; x_wconf 90' lang='lat' dir='ltr'>vel</span> <span class='ocrx_word' id='word_1_114' title='bbox 1188 2119 1267 2189; x_wconf 87' lang='lat' dir='ltr'>-uive</span> <span class='ocrx_word' id='word_1_115' title='bbox 1292 2114 1373 2187; x_wconf 66' lang='lat' dir='ltr'>tedii</span> <span class='ocrx_word' id='word_1_116' title='bbox 1389 2118 1564 2207; x_wconf 74' lang='lat' dir='ltr'>propiores</span> <span class='ocrx_word' id='word_1_117' title='bbox 1587 2137 1764 2209; x_wconf 86' lang='lat' dir='ltr'>apparent,</span> <span class='ocrx_word' id='word_1_118' title='bbox 1798 2120 1844 2188; x_wconf 87' lang='lat' dir='ltr'>uti</span> <span class='ocrx_word' id='word_1_119' title='bbox 1869 2118 1974 2191; x_wconf 75' lang='lat' dir='ltr'>notra</span> <span class='ocrx_word' id='word_1_120' title='bbox 2002 2124 2087 2216; x_wconf 90' lang='lat' dir='ltr'>igni·</span> 
     </span>
     <span class='ocr_line' id='line_1_15' title="bbox 566 2216 1113 2291; baseline -0.018 0"><span class='ocrx_word' id='word_1_121' title='bbox 566 2220 633 2291; x_wconf 89' lang='lat' dir='ltr'>culi</span> <span class='ocrx_word' id='word_1_122' title='bbox 658 2219 709 2290; x_wconf 92' lang='lat' dir='ltr'>vel</span> <span class='ocrx_word' id='word_1_123' title='bbox 736 2219 938 2291; x_wconf 89' lang='lat' dir='ltr'>lucernarum</span> <span class='ocrx_word' id='word_1_124' title='bbox 962 2216 1113 2286; x_wconf 86' lang='lat' dir='ltr'>flammae.</span> 
     </span>
    </p>

    <p class='ocr_par' dir='ltr' id='par_1_6' title="bbox 564 2307 2087 2691">
     <span class='ocr_line' id='line_1_16' title="bbox 620 2307 2086 2409; baseline -0.001 -23"><span class='ocrx_word' id='word_1_125' title='bbox 620 2333 682 2406; x_wconf 54' lang='lat'>5⁰,</span> <span class='ocrx_word' id='word_1_126' title='bbox 698 2311 912 2385; x_wconf 83' lang='lat' dir='ltr'>Attendendo</span> <span class='ocrx_word' id='word_1_127' title='bbox 937 2310 980 2380; x_wconf 89' lang='lat' dir='ltr'>ad</span> <span class='ocrx_word' id='word_1_128' title='bbox 999 2308 1125 2401; x_wconf 73' lang='lat' dir='ltr'>objecta</span> <span class='ocrx_word' id='word_1_129' title='bbox 1145 2307 1205 2376; x_wconf 89' lang='lat' dir='ltr'>alia</span> <span class='ocrx_word' id='word_1_130' title='bbox 1234 2307 1442 2393; x_wconf 88' lang='lat' dir='ltr'>intermedia,</span> <span class='ocrx_word' id='word_1_131' title='bbox 1467 2308 1507 2379; x_wconf 92' lang='lat' dir='ltr'>ad</span> <span class='ocrx_word' id='word_1_132' title='bbox 1536 2329 1649 2379; x_wconf 91' lang='lat' dir='ltr'>eorum</span> <span class='ocrx_word' id='word_1_133' title='bbox 1670 2310 1835 2382; x_wconf 88' lang='lat' dir='ltr'>intervalla</span> <span class='ocrx_word' id='word_1_134' title='bbox 1860 2308 1895 2382; x_wconf 73' lang='lat' dir='ltr'>dt</span> <span class='ocrx_word' id='word_1_135' title='bbox 1924 2316 2086 2409; x_wconf 92' lang='lat' dir='ltr'>magnitu-</span> 
     </span>
     <span class='ocr_line' id='line_1_17' title="bbox 566 2401 2087 2502; baseline 0 -22"><span class='ocrx_word' id='word_1_136' title='bbox 566 2410 660 2481; x_wconf 85' lang='lat' dir='ltr'>dines</span> <span class='ocrx_word' id='word_1_137' title='bbox 680 2429 888 2502; x_wconf 84' lang='lat' dir='ltr'>apparentes:</span> <span class='ocrx_word' id='word_1_138' title='bbox 913 2406 989 2481; x_wconf 89' lang='lat' dir='ltr'>idco</span> <span class='ocrx_word' id='word_1_139' title='bbox 1010 2407 1032 2475; x_wconf 89' lang='lat' dir='ltr'>li</span> <span class='ocrx_word' id='word_1_140' title='bbox 1056 2404 1142 2475; x_wconf 91' lang='lat' dir='ltr'>nulla</span> <span class='ocrx_word' id='word_1_141' title='bbox 1157 2403 1295 2495; x_wconf 75' lang='lat' dir='ltr'>objedta</span> <span class='ocrx_word' id='word_1_142' title='bbox 1323 2404 1422 2475; x_wconf 91' lang='lat' dir='ltr'>videri</span> <span class='ocrx_word' id='word_1_143' title='bbox 1443 2404 1572 2495; x_wconf 73' lang='lat' dir='ltr'>poliunt</span> <span class='ocrx_word' id='word_1_144' title='bbox 1596 2401 1805 2493; x_wconf 80' lang='lat' dir='ltr'>intermedia,</span> <span class='ocrx_word' id='word_1_145' title='bbox 1839 2429 1880 2477; x_wconf 86' lang='lat' dir='ltr'>err</span> <span class='ocrx_word' id='word_1_146' title='bbox 1902 2408 1970 2480; x_wconf 88' lang='lat' dir='ltr'>-hoc</span> <span class='ocrx_word' id='word_1_147' title='bbox 1993 2409 2087 2480; x_wconf 81' lang='lat' dir='ltr'>fonte</span> 
     </span>
     <span class='ocr_line' id='line_1_18' title="bbox 564 2500 2086 2598; baseline 0.001 -22"><span class='ocrx_word' id='word_1_148' title='bbox 564 2507 709 2598; x_wconf 86' lang='lat' dir='ltr'>judicare</span> <span class='ocrx_word' id='word_1_149' title='bbox 730 2527 800 2578; x_wconf 91' lang='lat' dir='ltr'>non</span> <span class='ocrx_word' id='word_1_150' title='bbox 825 2504 920 2589; x_wconf 74' lang='lat' dir='ltr'>licet:</span> <span class='ocrx_word' id='word_1_151' title='bbox 953 2502 988 2572; x_wconf 92' lang='lat' dir='ltr'>id</span> <span class='ocrx_word' id='word_1_152' title='bbox 1012 2501 1122 2573; x_wconf 93' lang='lat' dir='ltr'>locum</span> <span class='ocrx_word' id='word_1_153' title='bbox 1153 2500 1278 2584; x_wconf 89' lang='lat' dir='ltr'>habet,</span> <span class='ocrx_word' id='word_1_154' title='bbox 1312 2501 1443 2589; x_wconf 89' lang='lat' dir='ltr'>quando</span> <span class='ocrx_word' id='word_1_155' title='bbox 1465 2502 1605 2572; x_wconf 89' lang='lat' dir='ltr'>coelestia</span> <span class='ocrx_word' id='word_1_156' title='bbox 1634 2525 1773 2594; x_wconf 88' lang='lat' dir='ltr'>corpora</span> <span class='ocrx_word' id='word_1_157' title='bbox 1805 2507 2086 2598; x_wconf 82' lang='lat' dir='ltr'>contemplamur,</span> 
     </span>
     <span class='ocr_line' id='line_1_19' title="bbox 568 2596 1848 2691; baseline -0.001 -18"><span class='ocrx_word' id='word_1_158' title='bbox 568 2623 642 2673; x_wconf 86' lang='lat' dir='ltr'>narn</span> <span class='ocrx_word' id='word_1_159' title='bbox 666 2604 797 2684; x_wconf 86' lang='lat' dir='ltr'>nubes,</span> <span class='ocrx_word' id='word_1_160' title='bbox 821 2599 979 2691; x_wconf 85' lang='lat' dir='ltr'>planetae,</span> <span class='ocrx_word' id='word_1_161' title='bbox 1003 2598 1101 2668; x_wconf 87' lang='lat' dir='ltr'>stellae</span> <span class='ocrx_word' id='word_1_162' title='bbox 1123 2596 1194 2666; x_wconf 81' lang='lat' dir='ltr'>fixae</span> <span class='ocrx_word' id='word_1_163' title='bbox 1219 2597 1334 2687; x_wconf 86' lang='lat' dir='ltr'>aequali</span> <span class='ocrx_word' id='word_1_164' title='bbox 1358 2598 1527 2668; x_wconf 87' lang='lat' dir='ltr'>intervallo</span> <span class='ocrx_word' id='word_1_165' title='bbox 1552 2598 1665 2669; x_wconf 84' lang='lat' dir='ltr'>distare</span> <span class='ocrx_word' id='word_1_166' title='bbox 1689 2600 1848 2672; x_wconf 86' lang='lat' dir='ltr'>videntur.</span> 
     </span>
    </p>

    <p class='ocr_par' dir='ltr' id='par_1_7' title="bbox 616 2692 1498 2784">
     <span class='ocr_line' id='line_1_20' title="bbox 616 2692 1498 2784; baseline -0.007 -14"><span class='ocrx_word' id='word_1_167' title='bbox 616 2699 671 2770; x_wconf 86' lang='lat'>6·.</span> <span class='ocrx_word' id='word_1_168' title='bbox 693 2699 734 2769; x_wconf 85' lang='lat' dir='ltr'>ln</span> <span class='ocrx_word' id='word_1_169' title='bbox 754 2697 887 2768; x_wconf 87' lang='lat' dir='ltr'>diveriis</span> <span class='ocrx_word' id='word_1_170' title='bbox 902 2697 989 2766; x_wconf 90' lang='lat' dir='ltr'>locis</span> <span class='ocrx_word' id='word_1_171' title='bbox 1013 2695 1100 2765; x_wconf 88' lang='lat' dir='ltr'>idem</span> <span class='ocrx_word' id='word_1_172' title='bbox 1126 2692 1290 2784; x_wconf 76' lang='lat' dir='ltr'>objedium</span> <span class='ocrx_word' id='word_1_173' title='bbox 1315 2693 1498 2783; x_wconf 69' lang='lat' dir='ltr'>spectando.</span> 
     </span>
    </p>
   </div>
   <div class='ocr_carea' id='block_1_4' title="bbox 564 2823 2089 4160">
    <p class='ocr_par' dir='ltr' id='par_1_8' title="bbox 564 2823 2089 3119">
     <span class='ocr_line' id='line_1_21' title="bbox 617 2823 2089 2922; baseline 0.003 -24"><span class='ocrx_word' id='word_1_174' title='bbox 617 2826 777 2922; x_wconf 86' lang='lat' dir='ltr'>Quamvis</span> <span class='ocrx_word' id='word_1_175' title='bbox 802 2826 866 2897; x_wconf 90' lang='lat' dir='ltr'>hos</span> <span class='ocrx_word' id='word_1_176' title='bbox 888 2825 1007 2897; x_wconf 91' lang='lat' dir='ltr'>modos</span> <span class='ocrx_word' id='word_1_177' title='bbox 1033 2824 1122 2895; x_wconf 89' lang='lat' dir='ltr'>iimul</span> <span class='ocrx_word' id='word_1_178' title='bbox 1146 2828 1178 2893; x_wconf 91' lang='lat' dir='ltr'>in</span> <span class='ocrx_word' id='word_1_179' title='bbox 1202 2823 1292 2893; x_wconf 87' lang='lat' dir='ltr'>usum</span> <span class='ocrx_word' id='word_1_180' title='bbox 1316 2846 1498 2909; x_wconf 87' lang='lat' dir='ltr'>vocemus,</span> <span class='ocrx_word' id='word_1_181' title='bbox 1531 2848 1695 2919; x_wconf 90' lang='lat' dir='ltr'>nunquam</span> <span class='ocrx_word' id='word_1_182' title='bbox 1723 2849 1871 2901; x_wconf 89' lang='lat' dir='ltr'>accurate</span> <span class='ocrx_word' id='word_1_183' title='bbox 1896 2848 2004 2901; x_wconf 83' lang='lat' dir='ltr'>veram</span> <span class='ocrx_word' id='word_1_184' title='bbox 2028 2832 2089 2903; x_wconf 92' lang='lat' dir='ltr'>ob·</span> 
     </span>
     <span class='ocr_line' id='line_1_22' title="bbox 564 2920 2088 3020; baseline 0.002 -24"><span class='ocrx_word' id='word_1_185' title='bbox 564 2923 731 3020; x_wconf 71' lang='lat' dir='ltr'>jedlorum</span> <span class='ocrx_word' id='word_1_186' title='bbox 759 2923 937 2993; x_wconf 84' lang='lat' dir='ltr'>distantiam</span> <span class='ocrx_word' id='word_1_187' title='bbox 968 2920 1034 2991; x_wconf 89' lang='lat' dir='ltr'>visu</span> <span class='ocrx_word' id='word_1_188' title='bbox 1064 2921 1133 2990; x_wconf 90' lang='lat' dir='ltr'>solo</span> <span class='ocrx_word' id='word_1_189' title='bbox 1162 2924 1410 3012; x_wconf 87' lang='lat' dir='ltr'>cognoscimus:</span> <span class='ocrx_word' id='word_1_190' title='bbox 1435 2922 1585 2992; x_wconf 90' lang='lat' dir='ltr'>diuturna</span> <span class='ocrx_word' id='word_1_191' title='bbox 1612 2945 1717 2994; x_wconf 88' lang='lat' dir='ltr'>tamen</span> <span class='ocrx_word' id='word_1_192' title='bbox 1741 2928 1928 2998; x_wconf 87' lang='lat' dir='ltr'>exercitatio</span> <span class='ocrx_word' id='word_1_193' title='bbox 1956 2928 1999 2999; x_wconf 89' lang='lat' dir='ltr'>ad</span> <span class='ocrx_word' id='word_1_194' title='bbox 2022 2935 2088 2999; x_wconf 84' lang='lat' dir='ltr'>m&#39;e·</span> 
     </span>
     <span class='ocr_line' id='line_1_23' title="bbox 569 3013 1998 3119; baseline 0.002 -26"><span class='ocrx_word' id='word_1_195' title='bbox 569 3025 633 3094; x_wconf 93' lang='lat' dir='ltr'>lius</span> <span class='ocrx_word' id='word_1_196' title='bbox 659 3022 700 3090; x_wconf 92' lang='lat' dir='ltr'>de</span> <span class='ocrx_word' id='word_1_197' title='bbox 724 3020 902 3089; x_wconf 87' lang='lat' dir='ltr'>minoribus</span> <span class='ocrx_word' id='word_1_198' title='bbox 929 3015 1083 3084; x_wconf 79' lang='lat' dir='ltr'>distantiis</span> <span class='ocrx_word' id='word_1_199' title='bbox 1101 3013 1311 3102; x_wconf 87' lang='lat' dir='ltr'>judicandum</span> <span class='ocrx_word' id='word_1_200' title='bbox 1336 3016 1458 3105; x_wconf 88' lang='lat' dir='ltr'>aliquid</span> <span class='ocrx_word' id='word_1_201' title='bbox 1483 3022 1675 3089; x_wconf 89' lang='lat' dir='ltr'>contribuit:</span> <span class='ocrx_word' id='word_1_202' title='bbox 1702 3024 1735 3091; x_wconf 89' lang='lat' dir='ltr'>in</span> <span class='ocrx_word' id='word_1_203' title='bbox 1757 3028 1882 3119; x_wconf 92' lang='lat' dir='ltr'>magnis</span> <span class='ocrx_word' id='word_1_204' title='bbox 1905 3024 1998 3096; x_wconf 89' lang='lat' dir='ltr'>nihil.</span> 
     </span>
    </p>

    <p class='ocr_par' dir='ltr' id='par_1_9' title="bbox 567 3108 2088 4160">
     <span class='ocr_line' id='line_1_24' title="bbox 619 3108 2087 3205; baseline 0.003 -18"><span class='ocrx_word' id='word_1_205' title='bbox 619 3117 673 3187; x_wconf 87' lang='lat' dir='ltr'>Ex</span> <span class='ocrx_word' id='word_1_206' title='bbox 695 3115 746 3181; x_wconf 88' lang='lat' dir='ltr'>his</span> <span class='ocrx_word' id='word_1_207' title='bbox 769 3114 921 3181; x_wconf 88' lang='lat' dir='ltr'>omnibus</span> <span class='ocrx_word' id='word_1_208' title='bbox 945 3128 1096 3198; x_wconf 87' lang='lat' dir='ltr'>apparet,</span> <span class='ocrx_word' id='word_1_209' title='bbox 1126 3129 1247 3200; x_wconf 90' lang='lat' dir='ltr'>organa</span> <span class='ocrx_word' id='word_1_210' title='bbox 1270 3108 1439 3191; x_wconf 84' lang='lat' dir='ltr'>sensuum,</span> <span class='ocrx_word' id='word_1_211' title='bbox 1466 3109 1557 3182; x_wconf 83' lang='lat' dir='ltr'>&amp;in</span> <span class='ocrx_word' id='word_1_212' title='bbox 1584 3118 1695 3204; x_wconf 87' lang='lat' dir='ltr'>prinris</span> <span class='ocrx_word' id='word_1_213' title='bbox 1716 3118 1826 3205; x_wconf 86' lang='lat' dir='ltr'>visus,</span> <span class='ocrx_word' id='word_1_214' title='bbox 1853 3141 1920 3191; x_wconf 88' lang='lat' dir='ltr'>non</span> <span class='ocrx_word' id='word_1_215' title='bbox 1947 3119 2012 3192; x_wconf 82' lang='lat' dir='ltr'>effe</span> <span class='ocrx_word' id='word_1_216' title='bbox 2035 3120 2087 3193; x_wconf 88' lang='lat' dir='ltr'>ad·</span> 
     </span>
     <span class='ocr_line' id='line_1_25' title="bbox 568 3203 2086 3305; baseline 0.007 -25"><span class='ocrx_word' id='word_1_217' title='bbox 568 3211 706 3284; x_wconf 87' lang='lat' dir='ltr'>modurn</span> <span class='ocrx_word' id='word_1_218' title='bbox 736 3205 914 3295; x_wconf 79' lang='lat' dir='ltr'>exquisita,</span> <span class='ocrx_word' id='word_1_219' title='bbox 955 3224 992 3282; x_wconf 88' lang='lat' dir='ltr'>ut</span> <span class='ocrx_word' id='word_1_220' title='bbox 1007 3206 1052 3272; x_wconf 87' lang='lat' dir='ltr'>iis</span> <span class='ocrx_word' id='word_1_221' title='bbox 1079 3223 1204 3274; x_wconf 88' lang='lat' dir='ltr'>utentes</span> <span class='ocrx_word' id='word_1_222' title='bbox 1230 3222 1301 3274; x_wconf 93' lang='lat' dir='ltr'>tuto</span> <span class='ocrx_word' id='word_1_223' title='bbox 1323 3203 1532 3295; x_wconf 84' lang='lat' dir='ltr'>judicemus,</span> <span class='ocrx_word' id='word_1_224' title='bbox 1571 3231 1711 3301; x_wconf 93' lang='lat' dir='ltr'>corpora</span> <span class='ocrx_word' id='word_1_225' title='bbox 1734 3218 1776 3285; x_wconf 89' lang='lat' dir='ltr'>ita</span> <span class='ocrx_word' id='word_1_226' title='bbox 1809 3217 1872 3287; x_wconf 83' lang='lat' dir='ltr'>elle</span> <span class='ocrx_word' id='word_1_227' title='bbox 1896 3218 2086 3305; x_wconf 79' lang='lat' dir='ltr'>constituta,</span> 
     </span>
     <span class='ocr_line' id='line_1_26' title="bbox 571 3299 2086 3408; baseline 0.006 -31"><span class='ocrx_word' id='word_1_228' title='bbox 571 3303 846 3398; x_wconf 83' lang='lat' dir='ltr'>quemadmodum</span> <span class='ocrx_word' id='word_1_229' title='bbox 870 3319 1045 3392; x_wconf 83' lang='lat' dir='ltr'>apparent,</span> <span class='ocrx_word' id='word_1_230' title='bbox 1071 3320 1126 3374; x_wconf 91' lang='lat' dir='ltr'>aut</span> <span class='ocrx_word' id='word_1_231' title='bbox 1148 3299 1258 3389; x_wconf 86' lang='lat' dir='ltr'>quales</span> <span class='ocrx_word' id='word_1_232' title='bbox 1285 3302 1327 3370; x_wconf 93' lang='lat' dir='ltr'>de</span> <span class='ocrx_word' id='word_1_233' title='bbox 1351 3304 1388 3372; x_wconf 88' lang='lat' dir='ltr'>iis</span> <span class='ocrx_word' id='word_1_234' title='bbox 1412 3326 1502 3376; x_wconf 89' lang='lat' dir='ltr'>mens</span> <span class='ocrx_word' id='word_1_235' title='bbox 1530 3303 1648 3378; x_wconf 90' lang='lat' dir='ltr'>sorrnat</span> <span class='ocrx_word' id='word_1_236' title='bbox 1670 3313 1845 3399; x_wconf 90' lang='lat' dir='ltr'>acquiritve</span> <span class='ocrx_word' id='word_1_237' title='bbox 1867 3316 1977 3385; x_wconf 86' lang='lat' dir='ltr'>ideas:</span> <span class='ocrx_word' id='word_1_238' title='bbox 2014 3337 2086 3408; x_wconf 91' lang='lat' dir='ltr'>pro·</span> 
     </span>
     <span class='ocr_line' id='line_1_27' title="bbox 571 3394 2084 3505; baseline 0.005 -28"><span class='ocrx_word' id='word_1_239' title='bbox 571 3400 664 3477; x_wconf 72' lang='lat' dir='ltr'>fecto</span> <span class='ocrx_word' id='word_1_240' title='bbox 687 3394 906 3493; x_wconf 85' lang='lat' dir='ltr'>angustiffimis</span> <span class='ocrx_word' id='word_1_241' title='bbox 927 3398 1194 3467; x_wconf 88' lang='lat' dir='ltr'>circumscribitur</span> <span class='ocrx_word' id='word_1_242' title='bbox 1218 3395 1373 3468; x_wconf 90' lang='lat' dir='ltr'>limitibus</span> <span class='ocrx_word' id='word_1_243' title='bbox 1388 3399 1533 3471; x_wconf 89' lang='lat' dir='ltr'>humana</span> <span class='ocrx_word' id='word_1_244' title='bbox 1555 3406 1703 3498; x_wconf 86' lang='lat' dir='ltr'>cognitio</span> <span class='ocrx_word' id='word_1_245' title='bbox 1727 3428 1745 3475; x_wconf 92' lang='lat' dir='ltr'>a</span> <span class='ocrx_word' id='word_1_246' title='bbox 1768 3408 1932 3481; x_wconf 87' lang='lat' dir='ltr'>sensrbus:</span> <span class='ocrx_word' id='word_1_247' title='bbox 1964 3411 2084 3505; x_wconf 91' lang='lat' dir='ltr'>aliquid</span> 
     </span>
     <span class='ocr_line' id='line_1_28' title="bbox 571 3492 2084 3601; baseline 0.007 -31"><span class='ocrx_word' id='word_1_248' title='bbox 571 3504 615 3571; x_wconf 90' lang='lat' dir='ltr'>de</span> <span class='ocrx_word' id='word_1_249' title='bbox 635 3497 827 3587; x_wconf 89' lang='lat' dir='ltr'>corporibus</span> <span class='ocrx_word' id='word_1_250' title='bbox 850 3494 980 3565; x_wconf 88' lang='lat' dir='ltr'>relative</span> <span class='ocrx_word' id='word_1_251' title='bbox 1010 3493 1049 3561; x_wconf 90' lang='lat' dir='ltr'>ad</span> <span class='ocrx_word' id='word_1_252' title='bbox 1067 3493 1217 3563; x_wconf 87' lang='lat' dir='ltr'>nostrum</span> <span class='ocrx_word' id='word_1_253' title='bbox 1240 3492 1306 3562; x_wconf 84' lang='lat' dir='ltr'>visu</span> <span class='ocrx_word' id='word_1_254' title='bbox 1338 3495 1537 3589; x_wconf 90' lang='lat' dir='ltr'>detegimus,</span> <span class='ocrx_word' id='word_1_255' title='bbox 1573 3518 1637 3568; x_wconf 86' lang='lat' dir='ltr'>tam</span> <span class='ocrx_word' id='word_1_256' title='bbox 1666 3503 1699 3570; x_wconf 92' lang='lat' dir='ltr'>in</span> <span class='ocrx_word' id='word_1_257' title='bbox 1724 3505 1964 3601; x_wconf 83' lang='lat' dir='ltr'>magnitudine,</span> <span class='ocrx_word' id='word_1_258' title='bbox 1991 3530 2084 3600; x_wconf 87' lang='lat' dir='ltr'>quatu</span> 
     </span>
     <span class='ocr_line' id='line_1_29' title="bbox 571 3588 2084 3685; baseline 0.007 -18"><span class='ocrx_word' id='word_1_259' title='bbox 571 3593 745 3685; x_wconf 87' lang='lat' dir='ltr'>distantia,</span> <span class='ocrx_word' id='word_1_260' title='bbox 779 3613 847 3662; x_wconf 91' lang='lat' dir='ltr'>non</span> <span class='ocrx_word' id='word_1_261' title='bbox 867 3592 971 3681; x_wconf 17' lang='lat' dir='ltr'>&#39;qualis&#39;</span> <span class='ocrx_word' id='word_1_262' title='bbox 994 3588 1136 3659; x_wconf 85' lang='lat' dir='ltr'>absoluta</span> <span class='ocrx_word' id='word_1_263' title='bbox 1168 3589 1204 3658; x_wconf 90' lang='lat' dir='ltr'>stt</span> <span class='ocrx_word' id='word_1_264' title='bbox 1230 3610 1381 3681; x_wconf 88' lang='lat' dir='ltr'>utraque:</span> <span class='ocrx_word' id='word_1_265' title='bbox 1414 3593 1435 3663; x_wconf 87' lang='lat' dir='ltr'>li</span> <span class='ocrx_word' id='word_1_266' title='bbox 1459 3596 1546 3664; x_wconf 87' lang='lat' dir='ltr'>euim</span> <span class='ocrx_word' id='word_1_267' title='bbox 1569 3615 1670 3664; x_wconf 91' lang='lat' dir='ltr'>unum</span> <span class='ocrx_word' id='word_1_268' title='bbox 1697 3602 1799 3672; x_wconf 91' lang='lat' dir='ltr'>modo</span> <span class='ocrx_word' id='word_1_269' title='bbox 1822 3606 2004 3677; x_wconf 90' lang='lat' dir='ltr'>intueamur</span> <span class='ocrx_word' id='word_1_270' title='bbox 2027 3608 2084 3678; x_wconf 89' lang='lat' dir='ltr'>ob·</span> 
     </span>
     <span class='ocr_line' id='line_1_30' title="bbox 567 3682 2085 3791; baseline 0.007 -27"><span class='ocrx_word' id='word_1_271' title='bbox 567 3689 714 3788; x_wconf 58' lang='grc' dir='ltr'>ᾗεᾶυω,</span> <span class='ocrx_word' id='word_1_272' title='bbox 739 3687 807 3779; x_wconf 88' lang='lat' dir='ltr'>ejus</span> <span class='ocrx_word' id='word_1_273' title='bbox 832 3687 1021 3783; x_wconf 87' lang='lat' dir='ltr'>magnitudo</span> <span class='ocrx_word' id='word_1_274' title='bbox 1046 3682 1080 3754; x_wconf 79' lang='lat' dir='ltr'>dt</span> <span class='ocrx_word' id='word_1_275' title='bbox 1102 3686 1246 3754; x_wconf 75' lang='lat' dir='ltr'>distantia</span> <span class='ocrx_word' id='word_1_276' title='bbox 1268 3688 1373 3756; x_wconf 88' lang='lat' dir='ltr'>verbis</span> <span class='ocrx_word' id='word_1_277' title='bbox 1394 3692 1529 3779; x_wconf 87' lang='lat' dir='ltr'>exprimi</span> <span class='ocrx_word' id='word_1_278' title='bbox 1553 3705 1685 3779; x_wconf 83' lang='lat' dir='ltr'>nequit:</span> <span class='ocrx_word' id='word_1_279' title='bbox 1712 3697 1778 3767; x_wconf 93' lang='lat' dir='ltr'>imo</span> <span class='ocrx_word' id='word_1_280' title='bbox 1806 3721 1873 3770; x_wconf 91' lang='lat' dir='ltr'>non</span> <span class='ocrx_word' id='word_1_281' title='bbox 1894 3699 2085 3791; x_wconf 87' lang='lat' dir='ltr'>scrrrperea·</span> 
     </span>
     <span class='ocr_line' id='line_1_31' title="bbox 572 3782 2087 3887; baseline 0.003 -26"><span class='ocrx_word' id='word_1_282' title='bbox 572 3792 647 3861; x_wconf 84' lang='lat' dir='ltr'>dem</span> <span class='ocrx_word' id='word_1_283' title='bbox 670 3786 858 3875; x_wconf 87' lang='lat' dir='ltr'>videbitur,</span> <span class='ocrx_word' id='word_1_284' title='bbox 891 3787 966 3872; x_wconf 90' lang='lat' dir='ltr'>quia</span> <span class='ocrx_word' id='word_1_285' title='bbox 987 3801 1048 3867; x_wconf 91' lang='lat' dir='ltr'>pro</span> <span class='ocrx_word' id='word_1_286' title='bbox 1072 3782 1159 3848; x_wconf 92' lang='lat' dir='ltr'>oculi</span> <span class='ocrx_word' id='word_1_287' title='bbox 1185 3785 1269 3850; x_wconf 87' lang='lat' dir='ltr'>varia</span> <span class='ocrx_word' id='word_1_288' title='bbox 1289 3782 1545 3871; x_wconf 86' lang='lat' dir='ltr'>constitutione,</span> <span class='ocrx_word' id='word_1_289' title='bbox 1577 3786 1706 3876; x_wconf 72' lang='lat' dir='ltr'>picium</span> <span class='ocrx_word' id='word_1_290' title='bbox 1731 3792 1874 3883; x_wconf 85' lang='lat' dir='ltr'>ejusdem</span> <span class='ocrx_word' id='word_1_291' title='bbox 1903 3797 2028 3887; x_wconf 73' lang='lat' dir='ltr'>objeffl</span> <span class='ocrx_word' id='word_1_292' title='bbox 2054 3803 2087 3870; x_wconf 89' lang='lat' dir='ltr'>in</span> 
     </span>
     <span class='ocr_line' id='line_1_32' title="bbox 571 3873 2088 3970; baseline 0.007 -17"><span class='ocrx_word' id='word_1_293' title='bbox 571 3887 674 3953; x_wconf 87' lang='lat' dir='ltr'>retina</span> <span class='ocrx_word' id='word_1_294' title='bbox 696 3879 866 3968; x_wconf 89' lang='lat' dir='ltr'>discrepat:</span> <span class='ocrx_word' id='word_1_295' title='bbox 892 3878 968 3946; x_wconf 91' lang='lat' dir='ltr'>ideo</span> <span class='ocrx_word' id='word_1_296' title='bbox 987 3873 1109 3944; x_wconf 88' lang='lat' dir='ltr'>lusores</span> <span class='ocrx_word' id='word_1_297' title='bbox 1132 3875 1270 3967; x_wconf 89' lang='lat' dir='ltr'>pilarum</span> <span class='ocrx_word' id='word_1_298' title='bbox 1297 3900 1371 3949; x_wconf 91' lang='lat' dir='ltr'>cum</span> <span class='ocrx_word' id='word_1_299' title='bbox 1394 3878 1521 3968; x_wconf 89' lang='lat' dir='ltr'>clavis,</span> <span class='ocrx_word' id='word_1_300' title='bbox 1553 3882 1615 3953; x_wconf 90' lang='lat' dir='ltr'>srve</span> <span class='ocrx_word' id='word_1_301' title='bbox 1636 3888 1668 3956; x_wconf 91' lang='lat' dir='ltr'>in</span> <span class='ocrx_word' id='word_1_302' title='bbox 1688 3884 1790 3970; x_wconf 78' lang='lat' dir='ltr'>solo,</span> <span class='ocrx_word' id='word_1_303' title='bbox 1821 3889 1884 3957; x_wconf 86' lang='lat' dir='ltr'>five</span> <span class='ocrx_word' id='word_1_304' title='bbox 1918 3894 1951 3961; x_wconf 95' lang='lat' dir='ltr'>in</span> <span class='ocrx_word' id='word_1_305' title='bbox 1980 3896 2088 3966; x_wconf 92' lang='lat' dir='ltr'>tabula</span> 
     </span>
     <span class='ocr_line' id='line_1_33' title="bbox 573 3969 2088 4076; baseline 0.009 -28"><span class='ocrx_word' id='word_1_306' title='bbox 573 3999 644 4048; x_wconf 90' lang='lat' dir='ltr'>uno</span> <span class='ocrx_word' id='word_1_307' title='bbox 667 3975 720 4046; x_wconf 89' lang='lat' dir='ltr'>die</span> <span class='ocrx_word' id='word_1_308' title='bbox 745 3975 850 4053; x_wconf 89' lang='lat' dir='ltr'>multo</span> <span class='ocrx_word' id='word_1_309' title='bbox 874 3971 988 4049; x_wconf 86' lang='lat' dir='ltr'>melius</span> <span class='ocrx_word' id='word_1_310' title='bbox 1013 3969 1141 4042; x_wconf 88' lang='lat' dir='ltr'>ludunt</span> <span class='ocrx_word' id='word_1_311' title='bbox 1157 3993 1253 4062; x_wconf 89' lang='lat' dir='ltr'>quam</span> <span class='ocrx_word' id='word_1_312' title='bbox 1277 3974 1372 4062; x_wconf 86' lang='lat' dir='ltr'>alio,</span> <span class='ocrx_word' id='word_1_313' title='bbox 1403 3980 1477 4067; x_wconf 87' lang='lat' dir='ltr'>quia</span> <span class='ocrx_word' id='word_1_314' title='bbox 1500 4000 1567 4050; x_wconf 94' lang='lat' dir='ltr'>uno</span> <span class='ocrx_word' id='word_1_315' title='bbox 1596 3979 1648 4050; x_wconf 90' lang='lat' dir='ltr'>die</span> <span class='ocrx_word' id='word_1_316' title='bbox 1672 3980 1759 4052; x_wconf 85' lang='lat' dir='ltr'>oculi</span> <span class='ocrx_word' id='word_1_317' title='bbox 1782 4004 1917 4076; x_wconf 90' lang='lat' dir='ltr'>propter</span> <span class='ocrx_word' id='word_1_318' title='bbox 1937 3990 2088 4063; x_wconf 86' lang='lat' dir='ltr'>internos</span> 
     </span>
     <span class='ocr_line' id='line_1_34' title="bbox 568 4066 1404 4160; baseline -0.005 -14"><span class='ocrx_word' id='word_1_319' title='bbox 568 4069 726 4146; x_wconf 80' lang='lat' dir='ltr'>humores</span> <span class='ocrx_word' id='word_1_320' title='bbox 750 4070 841 4141; x_wconf 87' lang='lat' dir='ltr'>aliter</span> <span class='ocrx_word' id='word_1_321' title='bbox 860 4069 930 4140; x_wconf 87' lang='lat' dir='ltr'>sunt</span> <span class='ocrx_word' id='word_1_322' title='bbox 948 4066 1110 4138; x_wconf 86' lang='lat' dir='ltr'>constituti</span> <span class='ocrx_word' id='word_1_323' title='bbox 1135 4091 1231 4160; x_wconf 88' lang='lat' dir='ltr'>quarn</span> <span class='ocrx_word' id='word_1_324' title='bbox 1249 4071 1316 4141; x_wconf 86' lang='lat' dir='ltr'>alio</span> <span class='ocrx_word' id='word_1_325' title='bbox 1341 4072 1404 4147; x_wconf 89' lang='lat' dir='ltr'>die.</span> 
     </span>
    </p>
   </div>
   <div class='ocr_carea' id='block_1_5' title="bbox 574 4198 2103 5086">
    <p class='ocr_par' dir='ltr' id='par_1_10' title="bbox 574 4198 2092 4494">
     <span class='ocr_line' id='line_1_35' title="bbox 623 4198 2091 4303; baseline 0.013 -32"><span class='ocrx_word' id='word_1_326' title='bbox 623 4199 654 4298; x_wconf 64' lang='lat' dir='ltr'>d.</span> <span class='ocrx_word' id='word_1_327' title='bbox 680 4198 1027 4273; x_wconf 87' lang='lat' dir='ltr'>MDCCCCXXlV.</span> <span class='ocrx_word' id='word_1_328' title='bbox 1061 4202 1182 4276; x_wconf 83' lang='lat' dir='ltr'>Verum</span> <span class='ocrx_word' id='word_1_329' title='bbox 1209 4211 1381 4283; x_wconf 87' lang='lat' dir='ltr'>innumera</span> <span class='ocrx_word' id='word_1_330' title='bbox 1406 4213 1491 4282; x_wconf 88' lang='lat' dir='ltr'>circa</span> <span class='ocrx_word' id='word_1_331' title='bbox 1516 4207 1683 4282; x_wconf 84' lang='lat' dir='ltr'>Vilionem</span> <span class='ocrx_word' id='word_1_332' title='bbox 1711 4211 1850 4295; x_wconf 85' lang='lat' dir='ltr'>restam,</span> <span class='ocrx_word' id='word_1_333' title='bbox 1879 4236 1955 4303; x_wconf 75' lang='lat' dir='ltr'>quae</span> <span class='ocrx_word' id='word_1_334' title='bbox 1979 4217 2012 4286; x_wconf 95' lang='lat' dir='ltr'>in</span> <span class='ocrx_word' id='word_1_335' title='bbox 2036 4215 2091 4290; x_wconf 83' lang='lat' dir='ltr'>lais</span> 
     </span>
     <span class='ocr_line' id='line_1_36' title="bbox 574 4299 2092 4402; baseline 0.009 -30"><span class='ocrx_word' id='word_1_336' title='bbox 574 4299 764 4383; x_wconf 89' lang='lat' dir='ltr'>elementis,</span> <span class='ocrx_word' id='word_1_337' title='bbox 790 4320 863 4389; x_wconf 85' lang='lat' dir='ltr'>quae</span> <span class='ocrx_word' id='word_1_338' title='bbox 881 4299 988 4368; x_wconf 90' lang='lat' dir='ltr'>brevia</span> <span class='ocrx_word' id='word_1_339' title='bbox 1009 4300 1069 4372; x_wconf 89' lang='lat' dir='ltr'>iint</span> <span class='ocrx_word' id='word_1_340' title='bbox 1091 4302 1216 4373; x_wconf 85' lang='lat' dir='ltr'>necelle</span> <span class='ocrx_word' id='word_1_341' title='bbox 1236 4307 1300 4391; x_wconf 88' lang='lat' dir='ltr'>est,</span> <span class='ocrx_word' id='word_1_342' title='bbox 1325 4310 1504 4402; x_wconf 87' lang='lat' dir='ltr'>attingere,</span> <span class='ocrx_word' id='word_1_343' title='bbox 1525 4326 1583 4376; x_wconf 88' lang='lat' dir='ltr'>aut</span> <span class='ocrx_word' id='word_1_344' title='bbox 1603 4308 1777 4383; x_wconf 89' lang='lat' dir='ltr'>enucleate</span> <span class='ocrx_word' id='word_1_345' title='bbox 1801 4331 1867 4381; x_wconf 94' lang='lat' dir='ltr'>non</span> <span class='ocrx_word' id='word_1_346' title='bbox 1893 4311 1986 4385; x_wconf 89' lang='lat' dir='ltr'>licet:</span> <span class='ocrx_word' id='word_1_347' title='bbox 2013 4313 2092 4385; x_wconf 87' lang='lat' dir='ltr'>ideo</span> 
     </span>
     <span class='ocr_line' id='line_1_37' title="bbox 574 4393 1623 4494; baseline 0.007 -27"><span class='ocrx_word' id='word_1_348' title='bbox 574 4396 766 4489; x_wconf 82' lang='lat' dir='ltr'>jucundiora</span> <span class='ocrx_word' id='word_1_349' title='bbox 789 4394 936 4486; x_wconf 81' lang='lat' dir='ltr'>quadam</span> <span class='ocrx_word' id='word_1_350' title='bbox 960 4393 1016 4466; x_wconf 85' lang='lat' dir='ltr'>sub</span> <span class='ocrx_word' id='word_1_351' title='bbox 1041 4399 1277 4489; x_wconf 83' lang='lat' dir='ltr'>problematum</span> <span class='ocrx_word' id='word_1_352' title='bbox 1301 4402 1405 4473; x_wconf 89' lang='lat' dir='ltr'>forma</span> <span class='ocrx_word' id='word_1_353' title='bbox 1430 4425 1623 4494; x_wconf 92' lang='lat' dir='ltr'>proponam.</span> 
     </span>
    </p>

    <p class='ocr_par' dir='ltr' id='par_1_11' title="bbox 576 4489 2096 4983">
     <span class='ocr_line' id='line_1_38' title="bbox 632 4489 2093 4588; baseline 0.014 -26"><span class='ocrx_word' id='word_1_354' title='bbox 632 4503 678 4562; x_wconf 88' lang='lat'>1⁰.</span> <span class='ocrx_word' id='word_1_355' title='bbox 704 4491 819 4563; x_wconf 88' lang='lat' dir='ltr'>Cursr</span> <span class='ocrx_word' id='word_1_356' title='bbox 846 4489 1041 4581; x_wconf 86' lang='lat' dir='ltr'>aliquamdiu</span> <span class='ocrx_word' id='word_1_357' title='bbox 1064 4500 1097 4565; x_wconf 91' lang='lat' dir='ltr'>in</span> <span class='ocrx_word' id='word_1_358' title='bbox 1123 4495 1201 4566; x_wconf 92' lang='lat' dir='ltr'>loco</span> <span class='ocrx_word' id='word_1_359' title='bbox 1222 4497 1315 4572; x_wconf 88' lang='lat' dir='ltr'>valde</span> <span class='ocrx_word' id='word_1_360' title='bbox 1338 4500 1518 4571; x_wconf 90' lang='lat' dir='ltr'>illuminato</span> <span class='ocrx_word' id='word_1_361' title='bbox 1540 4498 1686 4588; x_wconf 84' lang='lat' dir='ltr'>fuimus,</span> <span class='ocrx_word' id='word_1_362' title='bbox 1717 4502 1835 4575; x_wconf 91' lang='lat' dir='ltr'>deinde</span> <span class='ocrx_word' id='word_1_363' title='bbox 1856 4504 1960 4575; x_wconf 90' lang='lat' dir='ltr'>multo</span> <span class='ocrx_word' id='word_1_364' title='bbox 1984 4510 2093 4583; x_wconf 87' lang='lat' dir='ltr'>minus</span> 
     </span>
     <span class='ocr_line' id='line_1_39' title="bbox 577 4587 2095 4696; baseline 0.015 -40"><span class='ocrx_word' id='word_1_365' title='bbox 577 4587 722 4664; x_wconf 91' lang='lat' dir='ltr'>lucidum</span> <span class='ocrx_word' id='word_1_366' title='bbox 747 4587 966 4682; x_wconf 76' lang='lat' dir='ltr'>ingredimur,</span> <span class='ocrx_word' id='word_1_367' title='bbox 992 4595 1101 4661; x_wconf 90' lang='lat' dir='ltr'>omnia</span> <span class='ocrx_word' id='word_1_368' title='bbox 1125 4591 1251 4684; x_wconf 79' lang='lat' dir='ltr'>objecta</span> <span class='ocrx_word' id='word_1_369' title='bbox 1273 4597 1306 4664; x_wconf 97' lang='lat' dir='ltr'>in</span> <span class='ocrx_word' id='word_1_370' title='bbox 1327 4599 1486 4687; x_wconf 92' lang='lat' dir='ltr'>principio</span> <span class='ocrx_word' id='word_1_371' title='bbox 1510 4618 1664 4686; x_wconf 87' lang='lat' dir='ltr'>apparent</span> <span class='ocrx_word' id='word_1_372' title='bbox 1680 4600 1837 4672; x_wconf 81' lang='lat' dir='ltr'>obscura?</span> <span class='ocrx_word' id='word_1_373' title='bbox 1862 4603 1929 4673; x_wconf 92' lang='lat' dir='ltr'>imo</span> <span class='ocrx_word' id='word_1_374' title='bbox 1948 4604 2095 4696; x_wconf 86' lang='lat' dir='ltr'>aliquan·</span> 
     </span>
     <span class='ocr_line' id='line_1_40' title="bbox 579 4683 2095 4787; baseline 0.013 -33"><span class='ocrx_word' id='word_1_375' title='bbox 579 4703 648 4756; x_wconf 89' lang='lat' dir='ltr'>tum</span> <span class='ocrx_word' id='word_1_376' title='bbox 673 4683 759 4773; x_wconf 85' lang='lat' dir='ltr'>quafi</span> <span class='ocrx_word' id='word_1_377' title='bbox 782 4687 995 4766; x_wconf 77' lang='lat' dir='ltr'>ctecutimus?</span> <span class='ocrx_word' id='word_1_378' title='bbox 1021 4692 1095 4779; x_wconf 88' lang='lat' dir='ltr'>quia</span> <span class='ocrx_word' id='word_1_379' title='bbox 1116 4691 1148 4760; x_wconf 92' lang='lat' dir='ltr'>in</span> <span class='ocrx_word' id='word_1_380' title='bbox 1170 4690 1249 4768; x_wconf 89' lang='lat' dir='ltr'>loco</span> <span class='ocrx_word' id='word_1_381' title='bbox 1270 4690 1430 4768; x_wconf 87' lang='lat' dir='ltr'>illustrato</span> <span class='ocrx_word' id='word_1_382' title='bbox 1456 4693 1607 4785; x_wconf 87' lang='lat' dir='ltr'>pupilla,</span> <span class='ocrx_word' id='word_1_383' title='bbox 1634 4718 1682 4768; x_wconf 85' lang='lat' dir='ltr'>¹ne</span> <span class='ocrx_word' id='word_1_384' title='bbox 1705 4700 1807 4769; x_wconf 91' lang='lat' dir='ltr'>retina</span> <span class='ocrx_word' id='word_1_385' title='bbox 1827 4719 1845 4767; x_wconf 90' lang='lat' dir='ltr'>a</span> <span class='ocrx_word' id='word_1_386' title='bbox 1865 4700 2017 4787; x_wconf 86' lang='lat' dir='ltr'>pluribus</span> <span class='ocrx_word' id='word_1_387' title='bbox 2043 4723 2095 4774; x_wconf 84' lang='lat' dir='ltr'>ra·</span> 
     </span>
     <span class='ocr_line' id='line_1_41' title="bbox 577 4779 2096 4871; baseline 0.014 -23"><span class='ocrx_word' id='word_1_388' title='bbox 577 4779 642 4865; x_wconf 70' lang='lat' dir='ltr'>diis</span> <span class='ocrx_word' id='word_1_389' title='bbox 665 4781 823 4864; x_wconf 75' lang='lat' dir='ltr'>laedatur,</span> <span class='ocrx_word' id='word_1_390' title='bbox 855 4783 1082 4868; x_wconf 83' lang='lat' dir='ltr'>contrahitur,</span> <span class='ocrx_word' id='word_1_391' title='bbox 1118 4786 1326 4858; x_wconf 88' lang='lat' dir='ltr'>nihilominus</span> <span class='ocrx_word' id='word_1_392' title='bbox 1350 4792 1557 4863; x_wconf 90' lang='lat' dir='ltr'>vehementer</span> <span class='ocrx_word' id='word_1_393' title='bbox 1576 4790 1721 4863; x_wconf 84' lang='lat' dir='ltr'>afficitur.</span> <span class='ocrx_word' id='word_1_394' title='bbox 1772 4815 1823 4865; x_wconf 63' lang='lat' dir='ltr'>aa.</span> <span class='ocrx_word' id='word_1_395' title='bbox 1849 4794 1950 4866; x_wconf 83' lang='lat' dir='ltr'>Mens</span> <span class='ocrx_word' id='word_1_396' title='bbox 1969 4798 2011 4868; x_wconf 92' lang='lat' dir='ltr'>ad</span> <span class='ocrx_word' id='word_1_397' title='bbox 2035 4798 2096 4871; x_wconf 87' lang='lat' dir='ltr'>has</span> 
     </span>
     <span class='ocr_line' id='line_1_42' title="bbox 576 4878 2095 4983; baseline 0.01 -31"><span class='ocrx_word' id='word_1_398' title='bbox 576 4879 784 4972; x_wconf 79' lang='lat' dir='ltr'>vehementes</span> <span class='ocrx_word' id='word_1_399' title='bbox 806 4878 1000 4960; x_wconf 64' lang='lat' dir='ltr'>‚affectiones</span> <span class='ocrx_word' id='word_1_400' title='bbox 1031 4883 1196 4963; x_wconf 89' lang='lat' dir='ltr'>attendere</span> <span class='ocrx_word' id='word_1_401' title='bbox 1221 4883 1365 4964; x_wconf 82' lang='lat' dir='ltr'>affuescit</span> <span class='ocrx_word' id='word_1_402' title='bbox 1377 4940 1389 4980; x_wconf 88' lang='lat'>,</span> <span class='ocrx_word' id='word_1_403' title='bbox 1428 4888 1566 4966; x_wconf 85' lang='lat' dir='ltr'>leviores</span> <span class='ocrx_word' id='word_1_404' title='bbox 1595 4907 1663 4963; x_wconf 89' lang='lat' dir='ltr'>uon</span> <span class='ocrx_word' id='word_1_405' title='bbox 1696 4893 1844 4983; x_wconf 80' lang='lat' dir='ltr'>percipit</span> <span class='ocrx_word' id='word_1_406' title='bbox 1906 4890 2025 4968; x_wconf 87' lang='lat' dir='ltr'>Homo</span> <span class='ocrx_word' id='word_1_407' title='bbox 2048 4897 2095 4967; x_wconf 86' lang='lat' dir='ltr'>ita</span> 
     </span>
    </p>

    <p class='ocr_par' dir='ltr' id='par_1_12' title="bbox 1987 4989 2103 5086">
     <span class='ocr_line' id='line_1_43' title="bbox 1987 4989 2103 5086; baseline 0.026 -24"><span class='ocrx_word' id='word_1_408' title='bbox 1987 4989 2103 5086; x_wconf 88' lang='lat' dir='ltr'>dispo·</span> 
     </span>
    </p>
   </div>
   <div class='ocr_carea' id='block_1_6' title="bbox 0 0 2532 6756">
    <p class='ocr_par' dir='ltr' id='par_1_13' title="bbox 0 0 2532 6756">
     <span class='ocr_line' id='line_1_44' title="bbox 0 0 2532 6756; baseline 0 0"><span class='ocrx_word' id='word_1_409' title='bbox 0 0 2532 6756; x_wconf 95' lang='lat' dir='ltr'> </span> 
     </span>
    </p>
   </div>
  </div>
 </body>
</html>
