4992 6767
544 703 628 817 706
817 693 1780 832 ¹nissucnursruucrt

543 914 667 971 tantum
692 897 725 967 vi
749 914 790 955 =
818 911 853 987 5.
874 914 1041 987 permeare
1063 893 1333 986 atmosphaeram,
1359 887 1447 963 &in
1472 892 1640 964 altitudine
1665 895 1760 964 unius
1778 889 1894 986 gradus
1907 893 1988 962 vi:
2007 912 2080 990 47.-

542 1001 576 1069 in
598 993 767 1064 altitudine
791 1013 852 1084 90.
885 993 1043 1089 graduum
1075 995 1107 1064 vi
1132 1015 1172 1052 =
1201 994 1308 1081 8123.
1333 988 1409 1058 ideo
1440 991 1537 1061 nobis
1566 1011 1699 1061 cernere
1724 1010 1791 1060 non
1816 989 1892 1059 licet
1913 988 2070 1064 Planetas

544 1113 600 1163 aut
623 1091 701 1161 lixas
726 1093 758 1160 in
779 1090 953 1161 horizonte
971 1092 1078 1160 ottivo
1100 1086 1152 1160 vel
1177 1088 1432 1159 occidam-imo
1456 1108 1511 1157 eas
1534 1089 1707 1177 incipimus
1735 1085 1838 1156 modo
1860 1087 1969 1160 uidere
1985 1112 2068 1188 cum

463 1265 468 1272 ,
541 1191 624 1261 ultra
651 1208 685 1281 5.
710 1187 762 1262 vel
786 1188 820 1258 6.
846 1187 963 1282 gradus
989 1186 1080 1276 supra
1103 1186 1311 1256 horizontem
1334 1183 1591 1270 adscenderunt,
1618 1184 1713 1255 Luna
1739 1179 1775 1253 δι
1799 1182 1877 1253 Sole
1899 1191 2066 1277 exceptis:

542 1287 598 1357 sed
620 1285 724 1356 illeiis
746 1284 850 1354 oculis
873 1284 983 1353 Solem
1002 1285 1161 1352 orientem
1186 1280 1221 1353 δι
1248 1281 1454 1352 occidentem
1477 1283 1642 1365 videmus,
1669 1282 1759 1372 quod
1784 1279 1959 1368 nonlicet,
1982 1284 2068 1357 Sole

542 1386 584 1455 ad
617 1402 671 1474 15.
693 1381 832 1477 gradus,
854 1400 909 1449 aut
929 1380 1023 1448 altius
1044 1377 1135 1470 supra
1159 1378 1365 1450 horizontem
1390 1380 1543 1450 versante.
1593 1379 1659 1448 Sed
1684 1383 1842 1450 incertum
1866 1376 1912 1447 est
1936 1401 1976 1450 an
1995 1404 2070 1452 non

540 1482 612 1553 Aer
634 1482 772 1550 sincerus
794 1474 828 1545 dt
853 1474 949 1546 nullis
971 1477 1157 1565 inquinatus
1182 1473 1432 1546 anhelitibus&
1457 1477 1652 1567 vaporibus,
1676 1474 1782 1546 multo
1807 1473 2002 1567 pellucidior
2018 1476 2072 1548 fo·

440 1578 442 1588 '
544 1595 622 1661 ret,
648 1575 731 1645 adeo
758 1592 793 1643 ιιι
815 1572 904 1643 Fixa
921 1569 957 1642 δι
979 1571 1120 1644 Planetae
1143 1576 1284 1644 orientes
1307 1570 1555 1644 &occidentes
1579 1573 1678 1644 videri
1702 1571 1855 1664 pollent:
1891 1570 1979 1645 Nam
1997 1577 2073 1646 ubi·

540 1676 590 1744 vis
609 1691 762 1743 terrarum
784 1692 852 1741 non
874 1691 985 1761 parem
1010 1668 1090 1740 lucis
1123 1673 1255 1761 copiam
1281 1670 1393 1741 adimit
1424 1674 1524 1755 Ait,
1556 1692 1595 1740 ac
1627 1668 1712 1761 apud
1745 1668 1958 1759 Europaeos3
1992 1693 2071 1743 eum

396 1825 400 1832 .
542 1771 576 1838 in
608 1767 708 1839 Indiis
740 1767 961 1839 Orientalibus
993 1766 1113 1838 lncolae
1148 1766 1324 1838 lnsulatum
1365 1765 1595 1840 Moluccatum
1622 1766 1706 1838 caelo
1738 1766 1861 1836 Sereno
1890 1779 1937 1838 ‘ex
1968 1769 2070 1842 insula

541 1863 665 1936 Noella
687 1865 834 1936 lucernas
856 1865 966 1935 videre
989 1862 1121 1955 pollent
1143 1865 1291 1938 ardentes
1314 1869 1348 1937 in
1371 1865 1474 1936 hortis
1499 1864 1608 1938 insulae
1636 1863 1887 1960 maginario,
1924 1869 1981 1957 qui
2007 1888 2067 1959 23.

432 1963 434 1967 ’
541 1963 731 2035 milliaribus
751 1961 911 2057 distant(
952 1963 986 2056 ).

589 2057 697 2153 Quale
724 2058 805 2129 lucis
829 2062 1020 2130 transeuntis
1045 2063 1186 2147 vitrum,
1211 2079 1329 2152 aquam
1349 2063 1504 2132 marinam
1531 2056 1626 2146 δια,
1659 2058 1901 2132 decrementum
1927 2061 1995 2147 fit,
2020 2064 2072 2135 io·

540 2154 673 2257 geniose
697 2157 889 2249 excogitatis
915 2158 1145 2247 experimentis
1166 2160 1264 2228 etiam
1287 2158 1499 2229 determinare
1525 2177 1662 2229 conatus
1684 2155 1745 2227 fuit
1769 2158 1987 2252 Bouguerius.

588 2278 621 2371 ς.
646 2276 994 2351 MDCCXXXVlll.
1020 2282 1109 2353 Cutn
1131 2286 1229 2379 igitur
1253 2283 1378 2354 nullum
1401 2303 1521 2374 corpus
1546 2280 1642 2371 possit
1666 2278 1730 2349 elle
1754 2278 1897 2370 perfecte
1921 2281 2071 2376 Diapha-

541 2398 641 2474 num,
666 2374 753 2446 idem
777 2396 899 2465 corpus
923 2381 985 2449 erit
1006 2399 1049 2449 eo
1074 2380 1291 2471 pellucidius‚
1317 2402 1385 2471 quo
1407 2381 1454 2451 eil
1480 2380 1624 2450 tenuius:
1651 2396 1765 2447 contra
1790 2379 1896 2449 minus
1920 2381 2069 2472 pelluce-

309 2548 313 2556 ,
418 2513 428 2526 κ
541 2476 611 2556 bit,
636 2493 706 2563 quo
731 2474 792 2541 erit
819 2473 966 2559 crassius,
991 2476 1076 2546 adeo
1102 2496 1137 2547 ιιι
1158 2479 1288 2549 tandem
1311 2479 1345 2548 in
1370 2480 1509 2548 maxima
1533 2474 1667 2543 crallttie
1691 2476 1766 2557 vix,
1791 2494 1846 2544 aut
1868 2498 1934 2547 non
1955 2480 2067 2568 pellu-

541 2589 638 2641 ceat:
669 2568 796 2639 lamella
828 2590 870 2639 ex
899 2574 1003 2642 vitreo
1035 2572 1168 2663 speculo
1191 2572 1354 2665 puriffimo
1379 2572 1527 2665 impofita
1562 2571 1648 2642 libro
1672 2569 1749 2639 facit
1774 2589 1810 2641 ιιι
1831 2569 1929 2644 literae
1953 2578 2064 2645 minus

543 2667 630 2737 clare
655 2683 853 2737 cernantur:
882 2666 940 2738 80.
963 2668 1121 2761 ejusmodi
1144 2670 1280 2743 lamellae
1306 2670 1431 2742 thecam
1453 2688 1607 2761 quemam
1629 2666 1831 2757 opplentes,
1854 2669 1889 2739 iu
1911 2676 2067 2742 extremis

542 2762 758 2853 perforatam,
789 2763 843 2831 vix
863 2783 986 2834 tantum
1013 2766 1126 2837 lumini
1155 2768 1318 2838 tramitum
1343 2768 1551 2847 concedunt,
1576 2783 1612 2835 ιιι
1638 2764 1712 2834 ullae
1734 2764 1854 2847 literar,
1878 2786 1952 2856 quae
1975 2789 2070 2840 ante·

539 2861 617 2929 riori
639 2857 789 2929 foramini
812 2859 1045 2949 obvertuntur,
1070 2885 1130 2956 per
1153 2864 1313 2954 posterius
1335 2865 1482 2934 foramen
1504 2861 1763 2956 distinguantur,
1790 2860 1909 2952 majora
1933 2863 2067 2940 clarius·

539 2976 605 3046 que
626 2953 778 3024 illustrata
803 2973 911 3025 tamen
936 2958 1082 3048 objecit,
1108 2957 1144 3027 dt
1169 2960 1228 3028 Sol
1254 2962 1287 3028 in
1309 2956 1391 3029 calo
1415 2957 1571 3052 fulgens,
1591 2956 1744 3049 distingui
1770 2977 1854 3029 trans
1880 2981 1997 3035 omnes
2018 2963 2068 3035 lu·

538 3051 651 3119 mellas
672 3049 819 3139 poliunt:
845 3049 900 3118 sed
921 3071 981 3139 per
1003 3053 1184 3141 cylindrum
1211 3053 1231 3122 ὲ
1255 3055 1339 3124 vitro
1362 3053 1538 3133 excolorc,
1563 3051 1829 3142 pellucidiffimO,
1854 3055 1938 3127 duos
1962 3062 2065 3151 pedes

536 3146 708 3237 longum,
745 3137 780 3211 δι
814 3143 1009 3216 extrinsecus
1030 3170 1049 3216 a
1069 3169 1211 3238 corpote
1235 3171 1344 3237 opaco
1376 3149 1640 3233 circumdatum,
1681 3149 1792 3222 lumen
1826 3152 1912 3223 Solis
1937 3159 2067 3245 tranlit,

535 3239 654 3331 exigua
677 3238 810 3325 quidem
833 3241 950 3329 copia,
975 3261 1010 3312 ut
1037 3243 1161 3316 nullum
1187 3244 1350 3337 objecium
1376 3248 1554 3319 iutemosci
1577 3246 1694 3337 possit,
1720 3268 1789 3320 non
1814 3269 1922 3323 tamen
1947 3255 2064 3330 viuum

537 3338 571 3405 in
595 3353 633 3402 ea
658 3330 794 3402 craffitie
814 3333 916 3403 visum
941 3337 1037 3428 plane
1058 3341 1181 3412 adimit.

585 3448 625 3565 ς..
644 3447 960 3565 MDCCXlleX.
986 3456 1158 3554 Quantitas
1180 3460 1262 3533 lucis
1285 3464 1430 3537 medium
1456 3486 1652 3557 corporeum
1673 3464 1808 3560 longum
1823 3491 1990 3560 permeare
2005 3501 2063 3551 co·

537 3564 643 3621 nantis
661 3548 819 3621 decrescit
842 3572 876 3622 ιιι
899 3554 1038 3644 quadam
1064 3562 1188 3631 ratione
1214 3559 1437 3635 Geometrica.
1486 3566 1521 3638 Si
1546 3565 1602 3636 lux
1626 3585 1645 3633 a
1669 3567 1812 3655 partibus
1837 3568 1964 3660 solidis,
1991 3581 2063 3669 qui·

537 3647 599 3720 bus
627 3649 662 3719 in
684 3647 797 3719 medio
817 3645 1028 3747 homogeneo
1052 3661 1212 3740 occurrit,
1237 3659 1431 3747 replicetur,
1455 3683 1510 3734 aut
1535 3662 1665 3734 filiaeue.

585 3744 714 3816 Animo
736 3744 824 3814 enim
846 3750 1049 3833 concipiatur
1072 3750 1152 3817 illud
1181 3754 1325 3821 medium
1346 3776 1387 3823 ex
1412 3757 1536 3845 aliquot
1559 3760 1719 3847 componi
1744 3758 1844 3831 stratis
1870 3786 1965 3853 arque
1982 3770 2063 3843 den·

537 3841 599 3923 hs,
625 3856 934 3927 quorumnumerus
949 3838 986 3908 iit
1007 3859 1048 3895 =
1066 3865 1099 3911 n.
1124 3840 1200 3912 Lux
1225 3846 1372 3918 incidens
1399 3870 1542 3939 ponatur
1566 3866 1607 3900 =
1638 3873 1668 3921 1.
1702 3874 1775 3942 pars
1800 3857 1882 3926 lucis
1907 3882 1925 3929 a
1949 3871 2063 3953 primo

537 3995 659 4084 strato,
675 4015 726 4093 p,
748 3997 928 4088 intercepta
949 3996 987 4069 it
1010 4013 1053 4057 =
1077 3960 1146 4155 ἑ.
1167 4019 1237 4073 tunt
1256 4001 1312 4076 lux
1342 4026 1416 4098 quae
1436 4008 1583 4101 pervenit
1605 4006 1647 4080 ad
1669 4006 1843 4079 secundum
1861 4010 1992 4085 stratum
2014 4023 2065 4094 est

538 4249 582 4296 =
611 4175 707 4366 ι...-
734 4180 791 4376 {-
816 4217 880 4293 five
900 4182 1082 4380 -ῗ-ἷ-ἶ,
1106 4220 1142 4296 &
1164 4226 1242 4318 quia
1262 4229 1396 4321 peninar
1417 4232 1453 4302 in
1477 4226 1543 4302 boc
1566 4230 1663 4304 strato
1687 4235 1721 4304 in
1744 4228 1859 4304 eadem
1871 4236 1996 4310 ratione
2011 4240 2062 4315 lu·

536 4462 612 4523 cem
633 4443 806 4538 intercipi,
829 4440 894 4519 uve
922 4401 990 4602 {a
1010 4446 1072 4518 erit
1095 4443 1168 4520 baec
1190 4451 1275 4525 ratio
1296 4471 1340 4528 τ.
1355 4410 1491 4626 A?
1504 4412 1717 4613 :Api-3.
1739 4456 1889 4553 adeoque
1912 4479 1986 4555 quas
2002 4463 2061 4540 lux

1406 4649 1462 4743 .¹.

1409 4765 1439 4841 P

613 4963 675 5055 (a)
692 4919 843 5057 Vultum
862 4972 901 5040 de
920 4975 1023 5044 insulis
1043 4979 1191 5053 Molucels
1208 5001 1277 5071 pag.
1293 4998 1344 5066 ηε
1447 4936 1450 4942 ¹
