4992 6767
579 741 635 811 aa
672 671 1027 812 corruamus
1065 711 1591 813 arramoaurmus.
1766 731 1855 842 aaa

375 921 409 1026 §-
431 917 691 998 Muccxvu.
714 917 842 992 Radios
865 939 906 989 ex
930 917 1051 992 Medio
1075 917 1212 994 densiori
1237 921 1432 1018 ingressuros
1455 923 1555 994 rarius
1578 915 1705 993 inhesii
1730 929 1851 1014 proba«

328 1043 402 1096 tur:
435 1025 509 1115 quia
533 1042 609 1093 cum
635 1022 751 1092 vitrum
778 1018 940 1110 planum,
976 1038 1031 1089 aut
1057 1016 1213 1114 longioris
1245 1023 1315 1091 tubi
1341 1021 1461 1094 lentem
1487 1039 1666 1092 convexam
1690 1021 1851 1092 ABGG

328 1121 459 1214 oblique
485 1121 698 1212 inspicimus,
731 1115 852 1208 duplex
887 1115 1089 1208 objesiorum
1117 1116 1387 1206 sublimium-R,
1421 1117 1456 1190 ἃ
1482 1138 1558 1190 ante
1582 1139 1644 1188 nos
1669 1121 1847 1209 positorum

327 1223 433 1316 imago
459 1220 606 1303 uidetur,
630 1217 742 1287 harum
766 1236 830 1284 una
855 1215 992 1286 efficitur
1013 1215 1031 1284 fi
1054 1213 1170 1299 radiis,
1196 1213 1275 1287 RO
1300 1220 1356 1308 qui
1381 1239 1400 1286 a
1422 1217 1587 1309 superficie
1609 1219 1762 1288 anteriori
1777 1217 1843 1288 AB
1880 1237 1955 1299 τὼ,-

325 1321 569 1390 reverberantur
590 1317 631 1386 ab
654 1313 688 1384 O
711 1314 752 1384 ad
777 1312 824 1395 P,
849 1308 884 1382 da
909 1316 1051 1383 cernitur
1075 1311 1238 1404 objectum
1264 1315 1305 1382 ab
1331 1315 1431 1385 oculo
1456 1315 1482 1386 P
1507 1321 1540 1385 in
1564 1336 1601 1386 r:
1625 1315 1723 1386 altera
1736 1318 1844 1413 imago
1854 1307 1997 1410 llxxvii

323 1435 343 1484 a
364 1417 461 1486 radiis
482 1415 689 1486 redeuntibus
712 1411 786 1495 a'K,
810 1431 829 1478 a
855 1411 978 1502 postica
998 1409 1164 1503 superficie
1189 1408 1269 1481 GG
1292 1414 1364 1482 vitri
1389 1414 1600 1484 retrotraciis:
1622 1397 1914 1505 judicatorqueffiss·
1934 1408 1969 1471 ⁹·

326 1514 369 1584 ab
398 1512 499 1584 oculo
525 1511 590 1585 PK
609 1517 642 1584 in
667 1541 683 1604 ς
710 1509 745 1582 &
772 1507 874 1600 major
901 1509 947 1578 est
970 1511 1100 1599 priori,
1134 1508 1156 1577 sr
1180 1507 1294 1578 ABG
1324 1508 1414 1583 Lens
1438 1531 1586 1582 convexa
1610 1509 1716 1582 suerit.
1765 1510 1849 1584 Hac
1925 1525 1928 1530 '
1998 1525 2005 1538 ·

328 1611 466 1682 secunda
490 1615 597 1706 imago
622 1611 814 1691 evanescit,
841 1605 946 1677 Lente
965 1627 1111 1696 aquam,
1137 1607 1289 1677 oleumve
1313 1609 1481 1698 superficie
1506 1607 1629 1698 postica
1654 1605 1732 1678 GG
1754 1613 1849 1682 attia·

324 1729 442 1803 genre:
469 1707 557 1779 Nam
581 1708 686 1778 radius
707 1705 813 1777 ROa
836 1725 877 1774 ex
909 1708 992 1775 vitro
1016 1701 1095 1774 GG
1115 1707 1223 1774 aerem
1249 1706 1463 1799 ingressurus,
1488 1709 1518 1778 vi
1543 1727 1660 1801 magna
1674 1707 1855 1778 attrahente

326 1807 397 1876 vitri
422 1807 635 1894 detorquetur
658 1827 698 1875 ex
722 1807 772 1876 via
795 1802 847 1872 sua
875 1825 928 1874 aa
958 1801 1063 1871 versus
1094 1799 1198 1886 GG,
1232 1805 1513 1896 progrediensque
1538 1807 1696 1892 percurrit
1720 1825 1851 1876 curvam

325 1903 581 2001 abcdefghi,
615 1903 698 1973 redit
724 1902 758 1971 in
777 1903 923 1983 vitrum,
956 1898 990 1968 id
1011 1899 1145 1984 tranfit,
1177 1897 1212 1968 dt
1235 1903 1348 1970 exiens
1368 1901 1547 1971 direc'tione
1571 1904 1586 1970 i
1594 1899 1626 1970 K
1645 1949 1657 1984 ,
1690 1901 1787 1970 efficit
1813 1923 1849 1972 ut

327 2001 442 2072 oculus
467 2006 498 2072 in
530 2000 563 2072 K
590 1999 721 2070 alteram
755 1996 874 2089 objecti
911 1997 1085 2090 imaginem
1118 2016 1228 2067 cernat
1258 1999 1291 2068 in
1324 2021 1371 2088 q:
1404 1997 1547 2068 Simulac
1571 2018 1650 2068 vero
1675 2000 1773 2090 Aqua
1797 1999 1851 2070 vcl

326 2096 449 2169 Oleum
469 2098 609 2168 infcriori
634 2096 811 2188 superficiei
833 2098 904 2166 vitri
929 2093 1026 2178 GG,
1050 2097 1249 2184 apponitur,
1274 2093 1327 2165 vel
1352 2093 1515 2180 illinitur,
1539 2091 1689 2164 deorsum
1716 2095 1852 2166 trahitur

325 2198 367 2264 ab
390 2195 437 2265 his
458 2195 561 2266 radius
588 2193 670 2266 Ra:
697 2195 768 2266 uitri
791 2195 889 2286 igitur
915 2194 946 2262 vi
974 2193 1007 2259 in
1030 2189 1109 2260 GG
1134 2193 1362 2278 irnmnrinutl,
1387 2215 1456 2262 non
1481 2192 1563 2262 redit
1587 2191 1731 2262 inflexus
1743 2195 1852 2263 radius

325 2290 401 2378 a'K,
425 2291 478 2363 sed
500 2293 609 2384 potius
632 2295 667 2364 in
691 2295 778 2364 resia
800 2314 881 2373 aa,
905 2289 959 2360 vel
982 2289 1047 2370 ab,
1071 2289 1219 2372 incedit,
1244 2307 1342 2377 atque
1367 2290 1412 2358 ita
1434 2287 1534 2358 altera
1558 2290 1665 2384 imago
1690 2320 1705 2384 ς
1732 2289 1853 2380 objcdii

324 2410 495 2462 evanescit.

375 2517 407 2606 §.
432 2510 794 2585 aruccxvl11.ust
818 2531 924 2580 autem
947 2507 1000 2581 illa
1021 2510 1129 2606 imago
1153 2512 1186 2582 in
1210 2539 1228 2602 ς
1253 2511 1400 2582 omnium
1422 2509 1607 2598 clarissima,
1632 2512 1764 2603 quando
1778 2512 1851 2606 posi
1884 2513 1962 2576 'sebi

326 2616 445 2682 vitrum
478 2609 640 2679 AAGG
673 2607 717 2676 est
746 2608 879 2696 spatium
903 2610 977 2677 adro
1001 2608 1102 2676 crasl'o
1129 2627 1295 2690 vacuum,
1328 2628 1397 2679 tum
1430 2613 1517 2681 enim
1542 2613 1590 2681 vis
1615 2610 1742 2682 trahens
1767 2615 1848 2682 aens
1858 2593 1971 2690 15va
1992 2605 1999 2616 ’

326 2707 452 2799 postice
475 2706 584 2792 abest,
609 2705 686 2776 ideo
709 2706 756 2776 vis
780 2701 859 2772 GG
881 2706 913 2773 in
938 2701 1104 2792 superficie
1128 2703 1251 2792 postica
1275 2707 1348 2776 vitri
1372 2705 1500 2796 majoris
1516 2707 1563 2776 est
1577 2707 1751 2792 efficaciae,
1775 2712 1848 2801 plu·
1879 2691 1919 2750 ¹8·
1938 2691 1972 2750 ⁸⁶

325 2825 443 2894 resque
466 2803 546 2874 lucis
567 2802 675 2874 radios
696 2801 888 2872 retrotrahit.
941 2799 989 2870 Ut
1013 2797 1079 2869 hoc
1103 2803 1361 2890 experimentum
1386 2822 1462 2871 cum
1488 2799 1628 2872 successu
1652 2804 1853 2892 instituatur,

322 2902 422 2989 capio
447 2898 585 2971 Lentem
613 2897 804 2988 obJeaivan
832 2897 1020 2986 'selescopii
1048 2915 1106 2986 50.
1132 2897 1286 2986 pedum,
1316 2897 1458 2988 amplam
1488 2895 1523 2968 δι
1556 2917 1599 2968 ex
1621 2901 1706 2969 vitro
1731 2901 1855 2988 crals0,

324 2997 434 3066 acab
464 2995 704 3084 Atmosphaerae
729 2997 833 3066 a'e'reae
863 2993 970 3084 pressu
998 2991 1186 3086 frangatur:
1220 3013 1288 3064 rum
1317 2993 1499 3081 cylindrum
1525 2998 1662 3066 vitreum
1689 2999 1853 3089 utrimque

323 3163 490 3236 apertum,
515 3140 662 3212 diametri
693 3105 769 3249 r}-
798 3139 911 3230 pollio.
935 3137 1029 3230 hujus
1050 3141 1133 3229 parti
1156 3138 1311 3230 superiori
1335 3141 1474 3230 itrrpono
1490 3137 1652 3226 Lentem,
1677 3143 1852 3234 postquam

322 3292 499 3386 marginem
523 3289 724 3359 obduxeram
747 3288 821 3357 ceri
843 3307 878 3357 ut
898 3289 998 3357 arceri
1019 3283 1124 3378 pollet
1155 3287 1233 3360 air:
1267 3305 1391 3378 partem
1418 3285 1603 3357 inferiorem
1628 3287 1765 3376 cylindri
1789 3294 1851 3364 iur-

323 3410 414 3480 poao
437 3387 552 3457 tabula
578 3407 697 3466 arneae,
723 3407 795 3474 quae
818 3385 923 3454 antliae
942 3385 1069 3454 adnedi
1090 3379 1124 3452 ua
1149 3383 1283 3473 separari
1309 3383 1443 3474 potest,
1468 3382 1588 3452 edusio
1613 3385 1703 3454 A'e're
1728 3408 1769 3456 ex
1793 3411 1849 3478 cy·

323 3485 453 3569 lindro,
478 3504 633 3554 removeo
653 3501 841 3570 apparatum
864 3483 905 3551 ab
925 3481 1044 3561 antlia,
1069 3481 1189 3550 recedo
1214 3483 1247 3549 in
1273 3480 1384 3548 locum
1410 3478 1642 3552 subobscurum
1666 3481 1706 3550 ad
1732 3482 1851 3557 didan-

322 3587 402 3652 tiam
433 3601 491 3672 25.
519 3579 640 3669 pedum
664 3597 719 3645 aut
741 3577 881 3664 plurium
903 3599 922 3644 a
943 3575 1109 3658 fenestra,
1143 3596 1240 3664 atque
1274 3579 1403 3644 intucor
1427 3574 1591 3658 bacillos,
1626 3578 1743 3666 quibus
1769 3605 1850 3672 qua·

325 3680 415 3748 drata
437 3680 536 3747 vitrea
554 3672 715 3755 insistunt3
740 3670 774 3740 hi
796 3671 976 3763 spedantur
989 3670 1053 3762 jam
1067 3673 1100 3742 in
1126 3670 1236 3742 medio
1262 3671 1375 3754 lentis,
1402 3668 1437 3742 ἂ
1461 3673 1502 3740 ab
1527 3676 1619 3742 omni
1635 3671 1753 3758 latere,
1778 3701 1847 3768 quo

326 3777 422 3844 lentis
446 3770 629 3862 amplitudo
653 3769 782 3839 excedit
805 3767 996 3857 cylindrum.
1035 3767 1186 3838 Secunda
1210 3767 1401 3839 bacillorum
1426 3771 1536 3864 imago
1561 3769 1677 3840 clarius
1701 3773 1848 3862 videtur,

324 3875 381 3942 uhi
406 3871 476 3940 iens
498 3867 644 3957 cylindro
667 3883 822 3938 evacuato
843 3865 1041 3958 respondet,
1064 3886 1164 3956 quam
1190 3865 1335 3956 undiquc
1353 3867 1387 3937 ia
1411 3869 1576 3938 eminente
1601 3867 1706 3938 limbo
1729 3869 1845 3960 lentis,

322 3971 374 4040 cui
401 3966 541 4057 subjacet
564 3965 639 4032 adr„
1317 3992 1321 4000 ·

372 4064 450 4136 Hoc
482 4062 740 4151 experimentum
761 4059 939 4131 admodum
964 4059 1049 4131 clare
1075 4061 1311 4130 armaionem
1345 4063 1377 4128 in
1404 4081 1512 4130 rerum
1537 4081 1650 4131 natura
1674 4063 1740 4135 dari
1766 4087 1844 4156 pro·

322 4166 397 4234 hare
410 4161 552 4232 videtur:
580 4157 660 4228 Ideo
675 4157 865 4248 Philosophi
879 4158 1115 4227 Atttasiionem
1132 4156 1333 4246 rejicientes,
1358 4151 1393 4224 ἃ
1417 4154 1661 4245 phaenomenon
1680 4163 1843 4248 expedire

322 4263 450 4342 conati,
471 4255 690 4350 confugerunt
713 4257 755 4327 ad
780 4254 919 4326 fluidum
940 4253 1073 4336 subtile,
1100 4253 1190 4341 quod
1217 4274 1259 4321 ex
1283 4273 1397 4322 eorum
1421 4271 1586 4342 conceptu
1610 4251 1723 4342 majori
1745 4260 1843 4344 copia

323 4361 502 4450 recipiens,
527 4357 601 4425 a'e're
630 4374 799 4434 uacuum,
825 4351 1077 4445 ingrederetur,
1103 4371 1243 4438 cumque
1269 4348 1301 4418 id
1328 4347 1468 4436 fluidum
1492 4349 1713 4444 angustiorum
1738 4351 1844 4424 asieri·

324 4475 372 4528 tur
402 4474 587 4534 meatuum,
618 4473 716 4542 qnam
740 4449 896 4522 essentia
920 4450 1011 4522 aere
1035 4447 1156 4531 crasso,
1182 4447 1277 4522 radiis
1302 4447 1384 4518 lucis
1409 4448 1482 4538 plus
1506 4447 1690 4532 resisteret,
1716 4471 1841 4542 cosque

320 4552 432 4642 majori
456 4552 551 4640 copia
567 4551 744 4622 extrorsum
761 4569 800 4617 ex
820 4547 890 4618 vase
907 4545 1064 4636 pelleret,
1090 4545 1176 4617 unde
1202 4547 1341 4616 oriretur
1364 4544 1481 4616 clarior
1505 4549 1614 4642 imago
1639 4545 1734 4644 (a).
1775 4549 1840 4621 Sed

319 4651 343 4718 li
369 4647 510 4718 fluidum
532 4645 643 4716 subtile
664 4651 698 4718 in
722 4666 775 4714 vas
799 4643 985 4714 exhaustum
1012 4643 1125 4735 majori
1157 4645 1255 4734 copia
1280 4642 1453 4738 ingressum
1479 4644 1545 4728 sit,
1579 4642 1613 4715 du
1639 4651 1741 4744 magis
1766 4647 1840 4718 refi-

319 4746 382 4821 aar
403 4743 593 4832 corporibus
617 4743 871 4837 ingredientibus
895 4741 946 4817 vel
968 4741 1116 4834 inclusis,
1142 4763 1182 4817 an
1207 4761 1276 4814 non
1300 4743 1403 4839 magis
1428 4743 1525 4815 etiarn
1549 4743 1668 4818 resistet
1691 4744 1839 4840 pendulo

1803 4861 1840 4914 ua

390 5032 451 5128 (a)
472 5033 602 5098 sitiretis
617 5033 763 5120 Principii
779 5037 896 5116 Physica
910 5034 1029 5104 Medica
1047 5036 1118 5103 Vol.
1137 5055 1163 5102 ι.
1175 5051 1251 5188 geg.
1267 5053 1317 5111 aa.

1217 5142 1235 5191 v
1261 5139 1307 5192 vv
1333 5141 1356 5188 a
