4992 6767
548 679 636 793 ω
966 684 1130 814 ua
1284 679 1617 773 teus

546 895 704 976 resarciet:
734 881 928 961 Flammulae
950 886 1036 957 enirn
1063 884 1223 956 electricae
1249 901 1313 955 nec
1332 880 1453 970 finna,
1478 903 1540 954 nec
1562 876 1686 966 fluida,
1711 875 1846 952 inflant:
1873 874 1994 955 Nitens
2019 883 2080 982 lig·

549 1014 632 1080 num
652 987 819 1083 putridum
834 1006 905 1057 non
929 983 975 1055 est
996 982 1208 1075 rarefactum,
1233 980 1391 1054 exstineto
1417 982 1505 1052 enim
1526 980 1676 1064 lumine,
1713 998 1782 1047 non
1804 979 1989 1051 detumuite
2017 980 2088 1053 Ra·

552 1087 642 1166 diii
667 1088 762 1160 Luna
790 1081 887 1178 plena
913 1081 1028 1153 redditi
1055 1081 1135 1153 nihil
1165 1079 1355 1151 mutationis
1386 1080 1581 1170 corporibus
1608 1075 1708 1148 firmis
1745 1072 1895 1146 fluidisve
1920 1076 2089 1164 inserunt,

552 1194 623 1264 imo
648 1184 844 1278 nequidem,
870 1181 992 1252 etiamst
1025 1183 1059 1250 in
1092 1179 1204 1251 focum
1230 1179 1250 1247 i
1273 1176 1371 1249 Vitro
1396 1178 1448 1249 vel
1471 1175 1615 1269 Speculo
1644 1174 1767 1245 usiorio
1789 1171 1977 1245 densentur:
2004 1178 2090 1249 Sunt

473 1269 476 1278 ¹
555 1282 767 1366 tamenradii
790 1281 894 1364 Solis,
920 1281 976 1370 qui
1004 1300 1080 1349 cum
1104 1276 1270 1349 denfiores
1293 1276 1335 1348 ad
1364 1272 1501 1347 Terram
1528 1277 1723 1358 mittuntur,
1755 1270 1900 1344 violente
1923 1274 1958 1343 in
1978 1278 2091 1345 omnia

555 1369 742 1477 operantur.
792 1375 894 1451 Hisce
923 1378 1009 1445 bene
1036 1373 1201 1467 perpenfis
1233 1395 1303 1467 quo
1334 1393 1389 1446 me
1413 1392 1536 1446 vertam
1567 1374 1707 1454 nescio,
1732 1391 1810 1439 curn
1832 1371 1867 1438 in
1894 1374 2092 1442 enumeratis

556 1484 719 1576 propria,
752 1500 826 1569 quae
858 1493 1018 1564 nusquam
1050 1474 1127 1542 alibi
1151 1470 1255 1559 eilet,
1288 1475 1355 1545 veri
1383 1467 1419 1542 dt
1447 1474 1529 1542 certi
1553 1488 1631 1541 nota
1655 1489 1723 1538 uon
1748 1467 1845 1536 insit:
1872 1465 1937 1536 Sed
1961 1468 2092 1538 interim

557 1599 704 1660 moneor¹
720 1575 842 1644 summa
867 1570 1039 1664 prudentia
1062 1590 1147 1661 opus
1173 1567 1269 1659 eise,
1299 1591 1336 1642 ut
1361 1568 1464 1643 modo
1490 1566 1610 1641 crassos
1628 1566 1748 1638 evitem
1770 1582 1896 1635 errores
1919 1613 1932 1649 ,
1956 1567 2095 1661 exiguos

558 1678 647 1748 eninr
671 1671 815 1768 effugere
839 1666 1017 1740 mortalitas
1041 1689 1111 1739 non
1133 1665 1254 1757 potest.

609 1792 642 1892 5.
656 1789 896 1865 iilDXXVll.
922 1787 1141 1886 Quaecunque
1166 1810 1309 1883 corpora
1330 1790 1464 1863 firmae
1488 1790 1613 1889 Regno
1640 1788 1754 1862 Foffili
1782 1788 1953 1881 hucusque
1977 1788 2094 1882 explo-

555 1913 645 1978 rata,
669 1893 711 1961 ab
738 1909 840 1982 epoto
862 1894 938 1986 igne
959 1911 1073 1980 prunae
1097 1888 1149 1960 vel
1177 1887 1322 1961 flammae
1341 1891 1376 1962 in
1400 1890 1577 1962 rotundum
1600 1891 1843 1972 intumescunt,
1868 1907 2094 1984 augenturque

555 1988 802 2092 magnitudine:
828 1985 907 2057 Hoc
929 1984 971 2056 ad
993 1985 1126 2057 oculum
1146 1984 1243 2056 facile
1266 1986 1454 2059 demonstro
1476 1985 1719 2070 instrumento,
1744 1985 1835 2077 quod
1863 1986 2095 2078 Pyrtmetrunt

556 2089 691 2172 vocavi,
719 2082 753 2156 ἃ
778 2083 854 2156 alibi
878 2081 1051 2176 descripti,
1074 2104 1143 2175 quo
1167 2104 1346 2176 corporum
1378 2082 1606 2158 raresasliones
1635 2082 1815 2156 admodum
1846 2087 1994 2179 exigue,
2019 2104 2094 2177 quae

428 2268 505 2329 m,
560 2253 685 2338 tantum
711 2234 782 2305 sunt
809 2200 908 2278 -¹-
932 2254 1006 2325 pars
1034 2231 1164 2324 pollicis
1192 2229 1467 2321 Rhenolandici,
1499 2232 1639 2304 discerni
1662 2231 1805 2326 possuntt
1853 2230 1971 2303 Postea
1993 2253 2094 2305 exco-

405 2347 542 2505 ἔξω
557 2384 655 2479 gitavi
679 2380 767 2451 aliud
790 2378 1043 2472 Pyrometrum,
1070 2378 1163 2471 quod
1189 2378 1244 2450 hic
1269 2383 1393 2469 pistum
1419 2379 1483 2467 est,
1509 2402 1579 2473 quo
1603 2379 1811 2452 metallorum
1832 2377 2035 2452 dilatationes
2058 2382 2094 2456 in

557 2481 651 2554 uariis
675 2479 857 2569 liquoribus
888 2469 1144 2563 ebullientibus,
1175 2480 1224 2549 uti
1256 2477 1380 2569 Spiritu
1405 2476 1659 2570 Viru'·,.Aqua,
1685 2474 1720 2549 δι
1746 2476 1969 2550 differentibus
1993 2476 2092 2552 Oleis

556 2579 763 2657 examinavi,
797 2573 889 2645 simul
919 2575 1143 2666 comparando
1174 2596 1252 2645 curn
1284 2575 1538 2649 Thennometro
1568 2574 1761 2648 Mercuriali
1791 2575 2092 2666 Fahreuheytiano:

556 2675 667 2748 silum
686 2671 894 2743 Metaliicum
910 2672 971 2741 AB
989 2675 1112 2741 rectum
1130 2672 1196 2755 est,
1221 2691 1314 2761 parte
1336 2672 1508 2763 posteriori
1530 2671 1667 2745 Filnne
1687 2672 1826 2771 affigitur
1850 2673 1985 2744 cochlea
2002 2674 2094 2745 lateri

557 2771 690 2864 poilico
710 2767 869 2858 capsulae,
894 2785 986 2860 parte
1002 2769 1154 2838 anteriori
1176 2769 1209 2838 in
1236 2768 1269 2839 C
1294 2766 1436 2840 fletutur
1455 2769 1597 2856 sursum,
1619 2774 1767 2842 eminens
1783 2773 1919 2839 extima
1934 2770 2095 2860 capsulae,

557 2887 623 2959 qua
648 2868 776 2936 nititura
804 2863 850 2934 sili
875 2883 1056 2975 extremum
1080 2865 1268 2958 adjungitur
1287 2865 1428 2938 cochlea
1460 2867 1496 2937 D
1522 2866 1644 2961 regular
1668 2868 1833 2949 dentata,
1872 2887 1945 2956 quae
1969 2865 2093 2936 rotula·

554 2983 629 3130 iil
650 2958 1431 3149 siusili:iiiiiiaesiiiilillnil
1455 2960 2095 3154 illaid'tfflitiliist·

556 3153 650 3247 padis
674 3150 767 3234 ΟΡ,
793 3150 930 3221 incensas
952 3150 1059 3222 calefit
1082 3154 1124 3225 ad
1146 3153 1309 3239 lubitum,
1335 3179 1459 3251 ocyus,
1484 3161 1603 3233 lentius
1623 3181 1686 3251 pro
1705 3180 1844 3231 numero
1867 3155 2092 3231 flammarum:

558 3250 684 3322 nutrire
705 3247 796 3318 soleo
818 3245 968 3319 flammas
987 3249 1109 3341 Spiritu
1123 3249 1202 3330 Vini
1217 3252 1413 3325 testificator
1439 3256 1476 3329 R
1500 3258 1547 3329 est
1562 3257 1717 3342 cochlea,
1745 3276 1809 3348 qua
1832 3254 1915 3329 latus
1930 3256 2091 3349 posticum

557 3344 697 3437 capsulae
722 3341 754 3415 L
778 3344 977 3436 aliquantum
991 3350 1166 3439 comprimi
1181 3350 1310 3441 potest,
1335 3373 1372 3422 ut
1386 3354 1542 3447 propulso
1560 3355 1618 3427 iilo
1634 3354 1799 3427 metallico
1819 3354 2017 3439 antrorsum‚
2042 3358 2092 3428 in-

558 3443 624 3514 dex
649 3440 710 3513 lK
734 3440 849 3539 gradui
880 3443 975 3515 alicui
1006 3467 1154 3518 accurate
1175 3446 1387 3539 respondeat:
1414 3453 1461 3523 eil
1486 3451 1555 3525 S's
1579 3454 1844 3526 thermometrum
1869 3451 2089 3541 Mercuriale,

558 3538 698 3612 infidens
714 3562 818 3627 cavo,
842 3540 1060 3633 respondente
1085 3566 1160 3615 cum
1190 3543 1340 3636 capsula,
1374 3568 1412 3620 ut
1438 3571 1507 3622 tutn
1531 3551 1650 3651 hujus,
1676 3572 1744 3623 tum
1770 3547 1854 3623 Cavi
1883 3552 1991 3644 liquor
2020 3550 2091 3622 bul·

557 3639 636 3712 bum
659 3638 811 3724 alluens,
836 3639 874 3710 srt
895 3644 981 3731 paris
1003 3640 1143 3728 caloris,
1169 3642 1262 3733 quod
1289 3664 1370 3718 voto
1393 3667 1499 3719 tamen
1525 3650 1594 3720 non
1616 3649 1811 3741 respondit,
1836 3654 1959 3742 quippe
1985 3649 2093 3739 liquor
2154 3651 2158 3660 ’

559 3736 595 3808 in
622 3758 726 3822 cavo,
750 3737 833 3808 ultra
851 3735 997 3809 iiamtaas
1023 3740 1211 3823 eminente,
1236 3742 1345 3812 minua
1364 3744 1484 3817 caloris
1499 3750 1671 3837 concipit,
1697 3769 1794 3837 quarn
1817 3753 1874 3839 qui
1891 3749 1937 3819 est
1962 3751 1996 3818 in
2020 3744 2093 3817 vase

558 3829 737 3904 [ΛΜΝ.
769 3835 860 3923 quod
887 3855 907 3903 a
930 3832 1073 3906 slammis
1097 3834 1230 3909 subditis
1253 3842 1439 3936 attingitur:
1473 3842 1637 3914 Nonnulli
1665 3848 1759 3934 periti
1784 3846 1921 3915 artifices
1950 3848 1983 3913 in
2016 3842 2091 3913 alia·

560 3950 633 4000 rum
665 3928 843 4002 formarum
867 3930 1066 4020 Pyromettis
1094 3933 1232 4007 multum
1258 3959 1369 4029 operae
1393 3939 1591 4031 posuerunt,
1624 3944 1670 4009 uti
1691 3940 1813 4012 Eiiicot
1839 3943 1929 4033 (a).
1967 3939 2091 4008 Morti·

560 4048 634 4099 mer
656 4027 677 4120 (
690 4028 748 4115 b).
772 4028 927 4125 Bouguet
953 4030 1039 4127 (c).
1064 4032 1219 4104 Smeaton
1244 4036 1339 4131 (d).
1389 4037 1439 4109 Ut
1452 4058 1559 4109 autern
1576 4058 1684 4128 pateat
1701 4059 1842 4128 corporo
1862 4041 1904 4110 ab
1927 4037 2017 4107 omni
2040 4035 2089 4106 la·

561 4143 631 4195 tere
660 4146 836 4212 rarescere,
872 4123 997 4199 &non
1021 4150 1144 4202 tantum
1170 4133 1203 4202 in
1230 4132 1465 4231 longitudine,
1500 4136 1590 4207 sumii
1616 4157 1758 4223 conum,
1793 4156 1860 4206 tum
1893 4132 2090 4227 &globum

562 4243 690 4324 cneum
703 4273 724 4307 ,.
751 4228 807 4315 qui
834 4224 942 4321 frigidi
964 4248 1024 4317 per
1046 4225 1192 4301 soramen
1217 4233 1251 4302 in
1273 4231 1400 4305 lamella
1428 4257 1518 4306 aenea
1545 4235 1719 4307 rotundum
1743 4255 1828 4330 aegre
1863 4233 2089 4326 tmjiciuntur,

561 4339 674 4391 verum
699 4320 843 4392 calesadi
863 4323 947 4392 adeo
975 4333 1127 4414 tument,
1152 4349 1189 4399 ut
1214 4333 1379 4425 transpelli
1407 4335 1438 4404 vi
1463 4353 1579 4428 magna
1605 4351 1777 4420 nequeant.

611 4415 651 4489 ln
683 4416 879 4508 Pyrometro
911 4421 1075 4512 explorata
1104 4424 1175 4497 sunt
1197 4429 1309 4500 omnia
1332 4426 1498 4515 Metalla,
1533 4428 1769 4517 Semitnetalla,
1805 4427 1897 4501 multi
1922 4426 2088 4519 Lapides,
2164 4429 2168 4438 '

561 4508 662 4613 ¹Creta
684 4515 778 4602 alba,
803 4515 940 4588 Lateres
963 4523 1069 4609 cocti,
1094 4522 1224 4596 Vitrum
1251 4522 1318 4596 otc.

1803 4622 1832 4723 s.
1860 4622 2089 4697 uluxxvii.

559 4797 562 4804 ,
640 4769 698 4847 (a)
719 4772 887 4853 Philosopb.
910 4778 1054 4839 Transatl.
1078 4781 1133 4838 Na.
1154 4783 1268 4853 aaa&
1295 4781 1365 4842 Vol.
1388 4798 1437 4857 47.
1460 4801 1527 4863 pag.
1547 4792 1617 4863 485.

638 4851 697 4927 (lt)
717 4854 887 4931 Philoiopb.
909 4859 1048 4918 Transasi
1077 4860 1133 4917 Ns,
1155 4866 1224 4929 484.

637 4930 695 5009 (r)
714 4932 880 4995 L’Histoire
902 4935 939 4996 de
959 4938 1071 4999 l'Acad.
1093 4935 1170 5009 Ray.
1193 4939 1246 4998 Aa.
1272 4955 1357 5014 ¹745·
1379 4957 1444 5018 pag.
1467 4956 1536 5018 ²35·
1591 4993 1594 5000 .

635 5006 698 5090 (d)
717 5011 885 5093 enitosopn.
904 5017 1055 5083 ‘frenaret
1078 5015 1148 5078 Vol.
1170 5021 1219 5092 48.
1242 5033 1317 5098 part.
1337 5035 1367 5081 a.
1387 5037 1455 5099 pag.
1476 5028 1543 5099 598.
