4992 6767
481 640 825 753 samonum
846 636 1096 732 rinnon.
1124 662 1181 725 n
1205 636 1484 729 nnuman
1511 638 1820 741 sesemen·
1855 666 1950 767 53,

408 852 484 928 ent
499 801 770 939 <urrunnu
792 837 886 935 (ι).
901 789 1017 914 mus
1032 832 1119 931 (c).
1142 833 1270 908 uorum
1296 836 1829 941 commemoraturum,
1855 853 1935 940 qu„

412 934 982 1040 pum.repetit,.rnaaqueaddidiz
1038 993 1069 1017 Α.
1593 999 1596 1004 ⁴
1631 998 1637 1005 .
1676 1000 1680 1005 .
1852 971 1859 1006 ε
1890 1001 1893 1006 .

408 1089 427 1108 ..
452 1056 499 1157 4.·
526 1049 753 1128 MCCCCXL
785 1050 840 1124 Ex
871 1050 969 1123 bisce
983 1046 1418 1141 experimentis-didicimus
1441 1052 1623 1141 quomodo·
1637 1051 1770 1145 Phyllea
1795 1053 1833 1127 iit
1855 1077 1933 1149 pro·

407 1155 591 1231 movenda:
627 1150 813 1249 Quodlibet
834 1153 928 1222 enirn-
943 1166 1092 1237 corpus,
1116 1143 1207 1237 cujus
1234 1148 1371 1241 gravitas
1395 1144 1543 1239 specifica
1566 1150 1613 1222 est
1636 1152 1831 1245 explorata,
1856 1156 1934 1226 mis·

372 1312 379 1324 .
407 1254 550 1327 nendum
570 1249 618 1323 est
640 1270 717 1321 cum
739 1246 806 1319 alio
829 1263 1029 1339 quocunque
1048 1261 1211 1334 corpore,
1227 1244 1325 1313 etiam
1348 1261 1436 1315 nota
1461 1248 1627 1341 gravitatis·
1647 1248 1823 1341 specificae,
1846 1269 1932 1323 tunt·-

407 1372 474 1444 que
489 1353 666 1432 mixtorum
676 1347 816 1444 gravitas
835 1343 988 1436 specifica
998 1339 1205 1431 exploretur:
1231 1340 1369 1412 Deinde
1380 1339 1639 1435 Tabulamplex
1653 1346 1728 1432 litt,
1744 1350 1930 1440 inquorum

407 1469 475 1520 unu
504 1464 659 1518 notentur
688 1463 861 1535 corpora,
889 1462 962 1533 quae
991 1439 1098 1509 nitu·
1119 1435 1264 1529 ejusdem
1289 1436 1468 1532 uoluminis·
1487 1461 1525 1511 ac
1550 1460 1624 1512 ante
1646 1446 1817 1516 mixturam
1842 1443 1930 1517 sunit

404 1545 445 1620 iu
466 1542 566 1616 utera
587 1540 719 1613 Tabula
731 1539 946 1623 adnotentur,
970 1555 1044 1627 quae
1068 1536 1168 1606 mitta
1195 1531 1279 1605 fiunt
1301 1532 1468 1607 danilora:
1494 1534 1532 1609 ln
1556 1540 1648 1610 tertia
1663 1541 1770 1613 tabula
1791 1541 1930 1615 scribute

408 1660 464 1715 tun
484 1661 649 1733 corpora,
674 1660 748 1730 quae
771 1633 927 1708 inflantur
946 1630 1020 1728 post
1040 1634 1226 1704 mixturam.

417 1801 421 1806 .
461 1732 880 1829 Experimenuoapiendr
910 1731 983 1803 sunt
1013 1729 1047 1800 in
1073 1726 1417 1819 corporibusFirmis
1440 1727 1476 1802 dt
1497 1730 1646 1805 Fluidis:
1677 1734 1761 1806 tdeo
1784 1751 1822 1805 ut
1843 1733 1931 1808 clue

406 1834 554 1919 oonllet,
577 1834 631 1906 vin
647 1831 769 1925 aliquid
793 1828 963 1921 bucusque
985 1829 1024 1896 in·
1043 1824 1175 1915 Pnyuca
1200 1822 1265 1895 elle
1289 1826 1483 1916 praestitum:
1509 1828 1653 1901 Tantum
1677 1832 1720 1902 de
1736 1834 1930 1922 corporibus

408 1930 597 2004 meditando
619 1930 699 2002 nihil
720 1947 862 2019 unquam
884 1924 1122 2019 intelligemus,
1148 1922 1259 1993 omnia
1285 1918 1356 1995 sunt
1423 1925 1531 1996 riculis
1549 1925 1760 2019 subjicienda:
1785 1926 1855 2025 Qui
1871 1928 1931 2001 hu·

404 2027 549 2122 jusmodi
580 2026 809 2099 tenuminibus
833 2023 870 2095 se
891 2024 960 2094 aa·
1010 2024 1057 2107 ἰ,
1089 2020 1229 2112 plurime
1261 2038 1346 2091 nova
1431 2043 1498 2094 non
1523 2025 1654 2113 praevisa
1679 2045 1794 2097 eruet:
1822 2026 1930 2098 *nobis

405 2122 757 2216 ltifficitoliquomodo
775 2118 950 2214 preiviffe,
1033 2119 1117 2189 viam
1140 2112 1336 2202 ostendilie,
1356 2139 1433 2209 quae
1455 2121 1581 2193 etiami⁴
1600 2121 1637 2196 lit
1663 2121 1841 2195 admodum
1856 2123 1931 2195 lona

409 2242 450 2318 gt
472 2216 511 2292 du
529 2221 692 2313 operose,
707 2217 922 2293 nihilominus
947 2215 1020 2287 sola
1032 2214 1216 2288 invenietur
1236 2233 1323 2286 vera.
1727 2235 1730 2240 ·

418 2365 430 2402 ι
463 2334 494 2434 §u
527 2334 768 2409 mccccxl.
802 2335 881 2431 Qui:
898 2331 1062 2404 Tabulam
1088 2328 1134 2401 vde
1165 2328 1333 2402 Gravitate
1358 2331 1514 2423 specifica
1530 2354 1708 2427 corporum
1733 2338 1932 2424 intuebitur,

407 2436 443 2505 in
463 2432 657 2503 antecellbm
688 2432 766 2503 sciat
791 2449 946 2522 oportet,
971 2430 1094 2503 Omnia
1118 2449 1249 2522 corpora
1270 2432 1438 2502 naturalia
1455 2434 1513 2526 effa
1529 2434 1676 2527 quedam
1689 2432 1796 2528 mesta.
1834 2434 1934 2532 Igno·-
1986 2446 1989 2449 ’

407 2550 496 2602 ratur
516 2550 557 2599 an
579 2532 623 2597 in.
638 2527 832 2617 corporibus
854 2525 998 2616 ejusdem
1020 2530 1187 2611 nominis,¹
1205 2527 1282 2597 licet
1307 2525 1492 2613 iimilibus,
1516 2528 1642 2622 semper
1665 2532 1779 2603 eudem
1806 2551 1933 2605 tantum

410 2642 631 2707 concurrunt,
655 2622 690 2689 bt
711 2625 783 2709 pari
806 2620 1044 2710 proportione?
1071 2621 1105 2688 Si
1129 2619 1309 2689 diversa&
1334 2623 1528 2712 discrepanti
1553 2631 1768 2717 proportione
1790 2636 1931 2700 concur.-

409 2738 504 2800 rant,
529 2737 669 2806 corpora
691 2734 760 2784 rum
780 2712 890 2783 multis
914 2712 1150 2803 qualitatibus,
1181 2732 1257 2783 cum
1285 2717 1438 2808 grauitate
1463 2718 1613 2806 specifica
1636 2720 1805 2793 differente
1829 2725 1931 2796 veluti

408 2833 499 2906 patet
522 2816 554 2880 in
579 2810 733 2901 exemplo
756 2812 1002 2892 Adamantum,
1032 2811 1151 2898 quibus
1178 2808 1311 2897 pondus
1344 2808 1534 2899 specificum
1559 2814 1736 2884 admodum
1761 2818 1806 2885 eil
1829 2818 1934 2888 diver

408 2910 477 2983 lum
503 2906 611 3001 (A),
630 2906 722 2999 uuod
743 2908 840 2977 etiam
864 2906 898 2974 in
918 2902 988 2975 aliis
1010 2904 1226 2994 corporibus,
1249 2906 1298 2972 uti
1320 2907 1354 2975 in
1380 2904 1546 2990 Metellis,
1573 2908 1798 2982 Semimetallis
1810 2909 1854 2983 dt
1868 2910 1945 2983 Lu>

401 3007 567 3101 ¹pidibus,
600 3025 647 3076 ex·
662 3003 808 3093 repetitis
825 3001 1057 3072 tenteminibus
1082 2998 1208 3082 urdicr,
1230 3001 1507 3089 quemadmodum
1531 3005 1574 3073 in¹
1590 3002 1738 3095 adjuniia
1762 3007 1869 3078 tabula
1892 3008 1933 3078 li·

409 3103 539 3196 quebit:
565 3100 649 3173 Sunt
660 3100 746 3171 enim
762 3094 971 3170 diveriiffimae
983 3096 1106 3186 species
1119 3093 1236 3179 AEris‚
1263 3094 1378 3180 Ferri,
1403 3097 1543 3182 stanni,
1561 3096 1711 3187 Plumbi,
1742 3101 1837 3173 Zinci
1853 3102 1940 3199 (ι),

409 3198 476 3275 dte.
526 3198 624 3270 Adeo
653 3217 690 3268 ut
719 3216 761 3267 ex
790 3196 939 3266 examine
974 3188 1188 3283 &penfione
1211 3194 1307 3263 unius
1331 3192 1492 3263 lndividui
1518 3195 1724 3268 universalem
1749 3200 1933 3274 conclufio-

401 3320 485 3373 nem
511 3296 554 3369 de
575 3315 648 3367 toto
675 3312 795 3390 genere
815 3289 932 3363 inferre
954 3311 1022 3361 non
1048 3289 1162 3361 liceat:
1190 3286 1350 3360 Praeterea
1372 3290 1514 3381 quando
1529 3292 1658 3364 metalla
1681 3299 1767 3367 varia
1789 3300 1929 3371 miscere

401 3416 481 3489 ιιι,
507 3390 542 3465 &
566 3389 802 3464 modulisfive
820 3388 934 3462 fonnis
953 3385 1192 3468 infunduntur,
1227 3408 1297 3459 uon
1323 3386 1447 3477 semper
1471 3389 1514 3460 in¹
1529 3409 1641 3481 parem
1665 3391 1853 3465 densrtatem
1878 3416 1929 3467 re·

404 3487 786 3589 trigenta-pertenuem
809 3506 886 3556 cum
908 3499 1052 3554 autnon
1076 3481 1297 3577 aequalidgnis
1322 3482 1496 3567 violentia,
1519 3504 1575 3557 aut
1598 3508 1692 3577 aeque
1716 3488 1819 3585 longo
1844 3511 1927 3563 tem

396 3610 497 3683 pore
513 3591 553 3665 ¹in
575 3584 701 3655 sunone
729 3580 887 3654 linteum.
929 3578 1075 3649 Accedit.
1092 3576 1184 3666 quod
1204 3577 1353 3648 nonnulli
1376 3578 1501 3651 moduli
1525 3602 1575 3651 ex.
1591 3582 1782 3656 metalloin
1806 3588 1927 3677 princi·

405 3690 470 3781 pio
496 3681 598 3758 refuso
624 3676 753 3754 metalla
776 3678 881 3748 minus
902 3675 995 3747 avide
1017 3674 1164 3744 hauriunt
1189 3695 1286 3765 quam
1310 3673 1450 3764 polleat
1477 3677 1568 3768 quod
1590 3681 1624 3751 in
1649 3680 1792 3753 modulis
1815 3704 1857 3754 ex
1880 3683 1930 3756 di·

406 3775 515 3855 veniis-
534 3774 673 3849 metallis
690 3775 787 3843 etiam
813 3770 922 3843 locum
944 3770 1051 3842 habet.
1103 3765 1192 3839 Hinc
1216 3767 1443 3855 fusurum&
1469 3778 1634 3867 praecipue
1657 3780 1834 3852 mixtorum
1859 3802 1928 3855 me·

407 3878 559 3964 tullorum
582 3871 766 3948 ἀίκήιιιὶιιι
788 3888 866 3939 non·
883 3869 1053 3962 exiguain
1076 3868 1282 3963 gnoitanbus
1302 3865 1466 3958 specificis
1481 3873 1647 3944 oriuntur:
1673 3872 1756 3946 Sunt
1772 3876 1843 3948 haec
1859 3899 1927 3949 ma·

405 3976 493 4071 iota,
520 3964 801 4064 quando-metalla
821 3963 1004 4046 cuduntur,
1029 3964 1095 4033 itru
1120 3963 1336 4034 malleienim
1360 3963 1557 4055 densantur,
1581 3969 1651 4041 solo
1675 3969 1760 4044 sorte
1784 3994 1938 4067 excepto

391 4070 568 4162 ‘plumbus
602 4062 735 4157 quando
757 4063 856 4134 etiam
877 4059 1054 4152 aliquoties⁴
1069 4080 1129 4150 per
1149 4057 1309 4131 foramina
1328 4062 1512 4156 angustiora
1543 4064 1739 4155 trahuntur,
1778 4068 1933 4144 denliora

407 4166 513 4246 fiuntc,
526 4160 653 4256 Ecquis
672 4160 791 4233 limites
812 4160 973 4241 inveniet,
997 4180 1039 4230 an
1063 4154 1227 4227 metallum
1253 4157 1426 4243 cudendo,
1451 4180 1506 4232 aut
1530 4159 1688 4233 trahendo
1713 4185 1772 4255 per
1794 4165 1935 4240 forami-⁴

407 4287 467 4350 na,
490 4263 531 4335 ad
551 4262 724 4334 maximam
743 4254 931 4327 denfitatem
953 4251 1156 4345 pervenerit?
1181 4251 1344 4324 Nondum
1367 4256 1506 4328 evadens
1529 4257 1666 4329 bifidum
1690 4280 1748 4330 aut
1762 4282 1838 4331 cum
1855 4266 1924 4334 exi·

404 4363 479 4459 gpis
494 4362 616 4445 ¹flurin,
633 4358 690 4438 uti.
707 4351 781 4448 post
811 4353 942 4425 nimiam
964 4348 1748 4448 cubonemirigr'dam,autttatiiouemfitn&
1764 4359 1842 4433 ideo
1860 4359 1946 4431 An·-

396 4519 405 4528 .
1856 4456 1937 4529 cub·

479 4615 545 4761 n

483 4696 542 4846 ξι)
559 4771 665 4831 Philon
685 4770 833 4833 Tnnaaib
851 4768 923 4831 vob
942 4775 994 4843 ιι·
1017 4782 1092 4846 put.
1115 4782 1144 4828 ι.
1164 4783 1232 4848 ptr.
1254 4771 1327 4850 6383

502 4848 543 4924 d)
560 4846 727 4925 l’biloioph.
746 4848 892 4913 Trantadi.
915 4863 961 4908 n0.
976 4854 1047 4923 416.

398 5019 404 5027 ἢ
475 4850 708 5016 {tulimus
727 4924 840 5010 idad.
862 4924 900 4990 de
918 4927 1027 5010 berun
1046 4925 1101 4996 do.
1118 4932 1207 5006 trra·
1226 4942 1266 5007 pt
1311 4940 1376 5002 ςι.,
