4992 6767
547 684 1112 777 rturRANGthtTATss
1142 716 1194 776 n
1222 691 1560 786 comninos.
1736 735 1817 819 733
1883 647 1887 656 ’

285 909 386 989 quam
402 892 449 963 vis
462 886 626 958 attrahens
655 903 827 973 operatur,
853 886 968 969 efficit,
997 905 1031 956 ut
1049 886 1127 955 radii
1151 887 1265 977 repulsr
1286 891 1529 977 intercipiantur
1547 893 1587 959 ab
1613 898 1682 963 acie
1706 921 1813 968 remo·

287 994 380 1073 fiori,
408 986 442 1059 c<
465 984 545 1054 ideo
567 978 663 1069 hujus
687 982 735 1051 via
758 982 918 1053 attrahens
942 982 1007 1051 sola
1029 1003 1180 1074 operatur
1205 987 1238 1054 in
1262 984 1389 1070 lucem,
1416 985 1468 1053 sed
1494 987 1564 1056 haee
1581 1010 1648 1058 non
1676 991 1811 1065 secernit

283 1089 390 1162 iucem
415 1088 449 1155 in
474 1081 634 1161 colores,
665 1078 707 1145 ad
738 1100 797 1148 eos
819 1079 994 1150 concursus
1017 1080 1205 1169 repulsionis
1229 1101 1297 1150 erat
1319 1080 1534 1164 necessarius,
1574 1107 1654 1178 ergo
1680 1090 1814 1176 repulsis

284 1187 323 1256 ab
342 1181 495 1253 anteriori
516 1181 587 1247 acie
613 1173 712 1242 radiis
737 1177 952 1267 interceptis,
980 1176 1113 1268 fimbriae
1136 1178 1289 1248 coloratae
1310 1177 1457 1249 desinunt
1478 1182 1550 1269 post
1574 1187 1675 1251 aciem
1703 1206 1814 1255 remo·
1906 1218 1911 1229 ·

282 1283 426 1362 dorem,
460 1296 572 1345 verum
597 1269 706 1360 plenae
736 1292 868 1343 manent
895 1274 967 1362 post
988 1276 1090 1344 aciem
1117 1277 1337 1357 anteriorem,
1371 1279 1445 1366 quia
1472 1279 1519 1346 vis
1545 1280 1707 1366 repellens
1727 1285 1810 1352 aciei

281 1376 471 1470 posterioris
493 1371 594 1441 libere
617 1370 746 1458 operari
772 1374 877 1465 pergit
905 1370 994 1440 srmul
1017 1392 1091 1440 cum
1117 1374 1147 1439 vi
1169 1372 1346 1443 attrahente
1371 1376 1451 1442 aciei
1477 1379 1655 1446 anterioris.

278 1492 281 1498 ’
332 1493 364 1591 ς.
389 1487 694 1570 Mucccxxx.
722 1485 798 1559 Huc
823 1510 925 1578 usque
950 1488 991 1558 de
1015 1487 1107 1559 Luce
1135 1493 1216 1584 egi,
1242 1516 1314 1583 quae
1337 1492 1530 1586 refradlione
1554 1499 1586 1567 in
1611 1496 1740 1570 colores
1765 1501 1813 1572 se·

287 1594 451 1670 cernitur,
478 1611 564 1660 nunc
589 1607 681 1681 agam
708 1585 749 1654 de
774 1585 894 1676 Luce,
921 1609 993 1675 que
1019 1590 1208 1678 Restexiane
1232 1592 1265 1660 in
1288 1589 1417 1660 colores
1442 1594 1539 1663 etiam
1562 1593 1745 1684 separatur:
1778 1598 1814 1668 hi

285 1689 416 1760 colores
442 1685 513 1757 sunt
537 1682 715 1765 naturales,
741 1680 776 1751 ἀ
802 1702 924 1752 tantum
951 1690 1162 1774 proprietates
1187 1685 1280 1755 lucis.

336 1808 366 1904 s.
394 1803 717 1880 MDCCCXXXI.
751 1802 1027 1895 Quotiescunque
1050 1807 1106 1873 lux
1136 1804 1210 1874 ΑΚ
1236 1810 1268 1876 in
1290 1808 1439 1879 laminam
1465 1832 1594 1884 tenuem
1617 1818 1875 1905 pellucidamran.
1890 1842 1960 1891 χω.-

283 1910 353 1982 ΑΒ
378 1907 517 1987 incidit,
543 1905 702 1993 separatur
727 1904 758 1971 in
784 1902 925 1970 radiolos
948 1899 1141 1990 coloratos,
1177 1925 1317 1989 quorum
1338 1906 1391 1973 alii
1416 1906 1657 1992 reflesluntur,
1685 1919 1729 1984 uti
1754 1901 1871 2004 Effi·
1891 1918 1929 1953 ¹⁰·

287 2005 344 2087 G,
377 2004 429 2074 alii
461 2022 674 2084 transmeant,
701 2003 746 2068 uti
771 1997 826 2082 C,
857 1997 897 2076 F,
918 1995 973 2079 H,
999 2021 1060 2087 pro
1084 2000 1168 2067 varia
1192 1997 1318 2068 lamella
1340 2001 1409 2071 ΑΒ
1430 2006 1573 2074 crassitie.
1627 2010 1806 2083 clarissime
1952 2072 1956 2085 ,

282 2101 350 2172 hot
377 2098 587 2181 observatur,
624 2116 698 2166 cum
732 2094 801 2198 lens
824 2093 980 2183 objeetiva
1006 2096 1095 2189 longi
1124 2093 1306 2185 Telescopii
1330 2097 1420 2167 alteri
1443 2098 1523 2170 lenti
1553 2104 1721 2193 objeslivae
1746 2066 1928 2191 itn-llltl‘n.

281 2200 439 2290 ponitur:¹
455 2199 539 2266 inter
566 2216 619 2266 ens
642 2214 660 2263 a
684 2194 809 2282 poncio
833 2190 943 2259 medio
967 2202 1135 2261 contactus
1169 2193 1347 2262 extrorsum
1380 2194 1512 2283 spatium
1544 2201 1735 2290 interjacet,
1763 2229 1808 2280 eo

279 2294 441 2384 amplius,
466 2314 535 2383 quo
555 2292 629 2381 plus
656 2292 848 2360 acontactu
873 2288 979 2356 abest:
1007 2288 1040 2357 id
1063 2288 1194 2377 spatium
1219 2290 1260 2355 ab
1282 2293 1368 2358 A’e're
1395 2293 1565 2380 impletur,
1588 2301 1642 2385 qui
1663 2300 1727 2369 hoc
1756 2328 1813 2393 pa-

286 2394 341 2463 dio
363 2391 504 2479 speciem
530 2390 658 2457 laminae
683 2385 799 2465 efficit,
826 2384 1014 2455 tenuiffimae
1030 2407 1134 2474 prope
1151 2387 1338 2454 contessum
1359 2387 1514 2474 lentium;
1541 2392 1715 2471 crassioris,
1743 2421 1813 2487 quo

285 2489 361 2579 plus
384 2486 575 2555 aconoctu
597 2482 704 2556 diua:
729 2484 822 2554 cadat
845 2482 900 2551 lux
922 2485 955 2550 in
982 2482 1176 2568 superiorem
1199 2480 1348 2563 lentem,
1382 2506 1479 2572 qnam
1502 2507 1520 2555 a
1543 2509 1633 2575 parte
1656 2492 1811 2580 superiori

287 2587 488 2654 intueamur:
518 2600 584 2651 tum
608 2583 662 2650 ubi
685 2578 786 2649 lentes
809 2579 841 2649 se
868 2584 1093 2674 contingunt,
1127 2576 1162 2646 dt
1190 2580 1283 2647 asten
1308 2579 1433 2648 lamella
1456 2583 1630 2654 tenuissima
1651 2587 1717 2667 eli,
1744 2614 1812 2662 mae

291 2678 520 2769 culaapperet
546 2680 655 2773 nigra.
681 2678 756 2766 quia
776 2678 882 2747 omnis
907 2676 1015 2765 illapsa
1037 2676 1092 2744 lux
1120 2676 1243 2744 transrt:
1269 2676 1351 2746 hanc
1375 2681 1452 2747 varii
1471 2679 1596 2751 discreti
1615 2687 1728 2759 annuli
1742 2708 1816 2774 arur,

287 2775 404 2862 blunt,
429 2796 566 2866 quorum
590 2774 738 2856 colores,
760 2795 778 2843 a
802 2792 915 2845 centro
940 2773 1148 2863 incipiendo,
1177 2771 1321 2861 sequenti
1348 2772 1462 2843 ordine
1485 2796 1652 2865 apparent.

300 2895 304 2902 ’
426 2900 633 2981 NIGER,
658 2898 837 2983 coeruleus,
863 2900 974 2981 albus,
1002 2894 1130 2982 flavus,
1156 2902 1284 2970 rubeus.

425 2996 785 3080 VlOLACEUS,
809 2996 988 3078 coeruleus,
1013 2996 1140 3077 viridis,
1167 2994 1284 3081 slavus,
1310 3001 1441 3073 rubeus.

298 3185 301 3192 Ι
423 3093 798 3178 PURPUREUS,
825 3091 1007 3176 coeruleus,
1031 3093 1160 3178 viridis,
1176 3091 1306 3180 'flavum
1331 3100 1461 3169 rubeus.

423 3191 672 3282 VlRlDlS,
697 3194 827 3263 rubeus.

335 3327 417 3398 Sunt
440 3319 580 3407 brasii,
613 3323 668 3411 qui
696 3340 738 3389 eo
763 3317 967 3390 obscuriores
993 3313 1028 3388 δι
1049 3318 1243 3403 tenuiores,
1275 3340 1342 3409 quo
1367 3322 1468 3416 magis
1492 3318 1510 3391 d
1536 3338 1649 3394 centro
1672 3320 1819 3413 dillaptg

283 3423 320 3496 lai
344 3422 526 3526 reflexione
550 3420 593 3488 ab
621 3419 706 3486 nete
730 3415 801 3485 sunt
824 3414 985 3508 producis.

335 3548 368 3645 ᾗ.
393 3538 733 3617 MDCCCXXXll.
758 3541 790 3608 Si
818 3540 920 3610 lentes
943 3544 985 3611 ab
1006 3541 1104 3613 altera
1123 3561 1213 3633 parte
1243 3544 1449 3631 spediemus,
1483 3566 1518 3614 ut
1542 3548 1620 3615 radii
1646 3546 1813 3619 transmiffi

290 3649 327 3716 in
353 3646 486 3714 oculum
511 3641 690 3727 incidant,
721 3638 835 3706 iterum
871 3638 978 3707 annuli
1005 3640 1140 3709 colorati
1166 3661 1345 3727 apparent:
1378 3660 1488 3709 verum
1518 3644 1549 3710 in
1574 3644 1611 3708 iis
1634 3643 1742 3722 locis,
1777 3649 1812 3715 in

292 3742 414 3831 quibus
437 3740 519 3808 inter
542 3739 666 3828 priores
685 3731 821 3805 annulos
843 3734 1005 3806 intervalla
1030 3755 1139 3810 erant:
1164 3736 1296 3807 ordines
1319 3736 1506 3828 incipiendo
1526 3759 1545 3807 a
1563 3740 1694 3826 medio,
1720 3738 1816 3809 irase

292 3837 425 3908 habent.
781 3831 790 3850 ‘
1518 3899 1521 3906 .

477 3930 582 4003 ALB
594 3927 677 4013 US,
703 3931 844 4015 rubeus,
870 3929 1062 4013 flavescens,
1088 3932 1199 4024 niger,
1224 3932 1406 4018 violaceus,
1433 3933 1604 4006 coeruleus.

475 4025 682 4110 ALBUS,
710 4026 835 4112 flavus,
861 4027 998 4108 rubeus,
1024 4028 1206 4112 violaceus,
1232 4029 1403 4097 caeruleus.

463 4120 720 4208 ¹VlRlDlS,
746 4123 874 4209 flavus,
900 4125 1040 4206 rubeus,
1065 4125 1192 4208 viridis,
1219 4124 1448 4195 subcoeruleus.

475 4218 727 4305 RUBEUS,
753 4221 881 4303 viridis,
910 4218 1129 4291 subcoeruleus
1154 4219 1221 4293 dte.

339 4349 384 4424 Hi
405 4349 535 4420 colores
562 4369 630 4418 non
658 4346 803 4437 pendent
824 4348 864 4417 ab
884 4345 993 4431 Adre,
1018 4368 1170 4443 tanquam
1195 4352 1342 4448 singulari
1366 4349 1547 4443 &propria
1563 4348 1734 4440 qualitate,
1759 4349 1814 4428 seu

290 4470 418 4520 tantum
444 4447 486 4516 ab
512 4466 575 4527 eo,
602 4465 760 4535 quatenus
786 4443 945 4515 lamellam
970 4444 1099 4518 format.

343 4574 375 4670 ᾗ.
399 4568 751 4643 MDCCCXXXlll.
785 4570 907 4644 Lentes
932 4573 983 4644 hae
1008 4574 1232 4669 Telescopicae
1260 4580 1316 4649 fibi
1345 4581 1499 4668 imposrtae
1526 4580 1664 4652 annulos
1688 4579 1815 4651 colora·

295 4692 348 4741 tos
368 4675 401 4738 in
423 4671 531 4737 medio
560 4666 718 4753 forment,
742 4690 811 4739 tum
829 4673 911 4760 parti
932 4671 1106 4763 superiori,
1133 4697 1195 4766 qua
1224 4678 1327 4747 hiatus
1348 4680 1499 4748 intereas
1524 4679 1587 4762 ell,
1613 4700 1702 4776 gutta
1721 4699 1813 4767 aquae

294 4766 503 4844 infundatur,
523 4763 593 4830 haec
618 4767 698 4834 inter
717 4770 828 4836 ambas
852 4767 954 4839 lentes
976 4770 1146 4857 defluens,
1175 4774 1312 4843 annulos
1335 4775 1453 4862 ambit,
1477 4797 1589 4847 eorum
1614 4778 1742 4848 colores
1759 4793 1815 4841 err-

295 4867 431 4934 teriores
464 4880 504 4928 ex
529 4858 701 4947 conspeslu
726 4865 872 4955 abripit,
905 4867 986 4937 alios
1012 4872 1184 4953 coarctat,
1225 4872 1339 4940 ordine
1362 4871 1510 4943 colorum
1534 4877 1729 4945 immutato:
1761 4862 1815 4935 sed

295 4959 402 5058 pressu
423 4957 560 5031 lentium
583 4953 716 5030 subinde
737 4963 857 5036 venato
868 5012 883 5057 ,
913 4962 1024 5059 plures
1053 4965 1162 5036 annuli
1189 4968 1230 5038 ad
1262 4971 1345 5055 paria
1372 4970 1446 5043 loca
1471 4991 1635 5046 currentes
1658 4970 1817 5054 deteguw

344 5133 347 5140 ,
1002 5064 1060 5135 Aa
1085 5084 1172 5136 aaa
1199 5086 1220 5159 3
1746 5072 1825 5148 ‘¹¹¹2
