4992 6767
590 697 1655 846 ormaruottrsrervnrs.
1782 729 1894 834 roa,

360 907 511 988 tulliam:
545 902 746 997 pedetentim
774 897 863 975 sein
888 896 1027 976 sormam
1048 905 1138 978 arun
1159 903 1352 982 contrahere
1373 910 1513 1001 coepit,
1551 929 1686 1008 ermque
1716 918 1749 988 in
1776 918 1884 993 albam

359 1013 593 1095 lucentemque
619 997 813 1076 nubeculam
840 999 1064 1088 mutabatur,
1100 1003 1188 1076 adeo
1212 1004 1379 1092 densam,
1423 1029 1458 1080 ut
1482 1010 1515 1079 in
1538 1013 1701 1103 principio
1730 1036 1885 1105 peream

361 1108 461 1186 stellae
484 1103 588 1177 videri
605 1121 674 1174 non
696 1101 880 1190 potuerint:
905 1098 1018 1189 postea
1044 1104 1194 1188 tenuior,
1220 1098 1254 1173 dt
1291 1102 1452 1194 pellucido
1474 1107 1598 1196 evafit,
1623 1115 1681 1182 viae
1706 1111 1816 1185 laetere
1842 1114 1885 1187 li·

361 1207 477 1291 milis,
502 1201 651 1273 diametri
671 1198 775 1291 sesqui
798 1195 947 1295 gradus,
971 1200 1148 1289 primuma
1170 1219 1262 1292 parte
1283 1202 1460 1287 orientali,
1485 1204 1603 1279 deinde
1627 1211 1669 1280 ab
1693 1212 1884 1285 occidenta-

361 1309 387 1381 li
408 1303 563 1379 evanuit:
597 1298 710 1391 elapfis
740 1318 783 1370 ro
807 1296 940 1368 minutia
965 1296 1046 1370 nihil
1066 1298 1108 1370 de
1129 1318 1168 1370 ea
1191 1296 1253 1372 suit
1277 1295 1456 1389 superstes:
1489 1304 1523 1374 in
1543 1308 1706 1396 principio
1730 1310 1886 1383 audiena.

361 1426 412 1476 mr
431 1402 511 1472 levis
532 1399 703 1470 murmuris
724 1394 874 1487 species,
909 1394 1012 1486 qualis
1037 1418 1055 1468 a
1077 1393 1208 1468 flamma
1230 1394 1372 1469 violenta
1396 1401 1579 1472 excitatur:
1612 1402 1697 1475 sorte
1718 1404 1778 1478 fuit
1800 1428 1882 1480 trac·

361 1523 411 1575 tus
433 1504 466 1572 in
488 1500 571 1571 aere
588 1497 746 1570 halituum
767 1491 979 1577 oleosorum‚
1004 1492 1114 1568 calore
1134 1495 1254 1568 diurno
1286 1497 1320 1568 in
1344 1494 1446 1568 almm
1475 1498 1712 1590 expulsorum,
1744 1507 1802 1593 qui
1827 1528 1882 1576 ve-

360 1601 501 1691 spertino
524 1600 645 1693 frigore
673 1594 872 1684 aliquantum
896 1590 1017 1664 densati
1043 1616 1063 1665 a
1084 1615 1280 1685 quacunque
1305 1594 1398 1666 causa
1430 1596 1552 1668 incensi
1585 1596 1656 1668 sunt
1687 1617 1777 1690 parte
1801 1603 1881 1676 infe-

361 1701 466 1783 riori,
491 1694 621 1767 flamma
641 1693 759 1764 sursum
789 1705 1052 1782 prorumpente,
1079 1712 1143 1781 qua
1169 1711 1250 1762 vena
1277 1691 1387 1783 pabuli
1411 1692 1565 1765 ducebat.

410 1797 493 1867 Sunt
524 1813 657 1884 quoque
684 1786 838 1861 Turbine:
861 1791 986 1885 igniti:
1019 1791 1075 1880 qui
1106 1790 1201 1859 variis
1228 1787 1393 1879 conspeiii
1421 1788 1494 1861 sunt
1515 1789 1746 1883 temporibus,
1773 1815 1888 1873 tamem

358 1894 464 1967 multo
485 1894 620 1963 rariores
642 1889 713 1960 sunt
737 1887 958 1980 praesteribus,
985 1887 1064 1958 ideo
1087 1887 1318 1976 descriptiones
1339 1907 1454 1959 eorum
1477 1888 1601 1960 tradere
1623 1890 1793 1985 hucusque
1809 1918 1882 1969 mo·

359 1995 404 2065 do
425 1990 563 2085 possum.
599 1986 824 2078 Ann01689.
857 1984 994 2082 Augusti
1025 2006 1088 2070 10,
1123 1985 1204 2055 bora
1228 1987 1339 2076 quinta
1361 1985 1434 2076 post
1458 1987 1625 2060 meridiem
1648 1989 1736 2061 caelo
1767 1991 1889 2068 sereno

360 2092 535 2186 apparebat
556 2086 642 2176 quast
672 2081 803 2171 furnus,
829 2081 920 2176 cujus
950 2082 1089 2156 ssatnmae
1121 2085 1230 2154 mixtae
1257 2103 1331 2156 cum
1356 2080 1475 2170 fumo,
1494 2079 1529 2158 dt
1551 2087 1713 2162 cineribus
1738 2088 1883 2182 speciem-

359 2187 532 2282 pyramidis
552 2183 753 2269 formabant,
781 2185 815 2255 in
837 2180 928 2271 cujus
951 2183 1072 2251 vertice
1095 2180 1194 2250 stabat
1217 2180 1389 2268 columna,
1416 2180 1448 2252 se
1471 2202 1574 2272 usque
1597 2182 1638 2254 ad
1663 2189 1783 2258 nubem
1802 2189 1878 2280 spis·

359 2286 428 2357 sam,
444 2282 610 2354 attollens:
638 2281 743 2349 nubes
764 2276 976 2348 aemulabatur
996 2275 1183 2368 capitellum
1207 2277 1395 2349 columna:
1429 2277 1585 2350 diameter
1607 2278 1769 2352 columnae
1791 2287 1880 2356 vide·

358 2385 452 2455 batur
475 2377 540 2449 else
571 2377 712 2447 duorum
738 2372 887 2464 pedum:
920 2375 1175 2465 promovebatur
1198 2397 1217 2445 a
1246 2374 1488 2467 Septerntrione
1516 2374 1556 2445 ad
1576 2374 1738 2463 austrum,
1765 2381 1884 2452 oborta·

356 2475 502 2572 procella
525 2494 566 2544 ex
588 2471 765 2563 conspediu
784 2472 927 2542 evanuit:
953 2493 1074 2567 magno
1097 2491 1219 2543 terrore
1238 2471 1398 2568 perculit,
1426 2471 1518 2564 supra
1545 2494 1629 2563 quos
1659 2476 1799 2572 transiit,
1825 2478 1886 2550 ali·

357 2582 429 2668 quis
450 2574 667 2643 exanimatus:
692 2591 766 2659 quae
786 2569 1018 2665 pervagabatur
1039 2570 1133 2654 loca,
1157 2572 1319 2642 turbinem
1343 2569 1512 2642 ventosum
1528 2569 1753 2645 vehementem
1778 2596 1886 2669 expe·

358 2676 540 2754 riebantur,
565 2690 585 2737 a
607 2690 675 2760 quo
698 2667 779 2738 levia
804 2670 836 2738 in
859 2666 994 2739 sublime
1017 2670 1244 2758 rapiebantur:
1283 2689 1381 2739 terras
1411 2668 1516 2740 modo
1544 2689 1645 2740 aratas
1676 2672 1890 2764 applanavit,

358 2791 491 2841 avenam
515 2767 663 2837 nondum
690 2766 803 2837 senam
825 2764 956 2849 evulfit‚
983 2764 1155 2854 disperit,
1183 2785 1220 2834 ut
1243 2766 1420 2854 nequidem
1444 2765 1572 2835 culmus
1596 2766 1740 2838 culmum
1767 2773 1883 2867 tetige-

359 2873 399 2940 rit
426 2866 518 2961 (ιι).
569 2863 608 2935 ln
631 2863 767 2934 Ericeto
791 2860 913 2953 aliquid
936 2862 1055 2932 turbini
1070 2862 1205 2933 ventoso
1222 2859 1323 2931 fimile
1345 2862 1532 2939 videbatur,
1562 2884 1660 2953 quem
1676 2866 1816 2937 multum
1831 2867 1884 2940 fo*

357 2970 403 3037 mi
422 2962 659 3048 comitabatur,
685 2960 839 3058 languide
863 2957 1021 3045 ardebat,
1043 2961 1205 3051 crepitans
1228 2958 1324 3035 instar
1347 2962 1465 3055 tugurii
1489 2960 1658 3046 ardentis:
1693 2961 1782 3035 lente
1805 2987 1884 3056 pro·

357 3064 567 3145 volvebatur,
592 3058 761 3128 latitudine
784 3059 912 3129 circiter
938 3076 1005 3128 erat
1029 3076 1078 3147 90
1103 3056 1245 3144 pedum,
1271 3071 1312 3120 ex
1336 3073 1408 3121 area
1434 3055 1530 3137 solii,
1561 3059 1683 3146 inqua
1710 3063 1888 3154 currebat,

356 3181 463 3252 partes
485 3158 662 3241 exstantes,
687 3153 884 3245 sepimenta,
910 3150 1059 3241 palorum
1085 3152 1220 3232 seriem,
1247 3150 1317 3219 saxa
1339 3150 1441 3219 invia
1465 3152 1647 3223 evellebat:
1674 3157 1785 3229 odoris
1811 3182 1887 3233 erat:

359 3259 536 3329 admodum
558 3256 644 3326 acuti
666 3250 855 3344 sulphurei,
875 3246 997 3321 coelum
1019 3246 1080 3319 suit
1104 3247 1251 3320 serenum
1277 3245 1396 3339 absque
1420 3247 1488 3320 ullo
1510 3249 1600 3347 figno
1621 3254 1799 3344 procellae,
1826 3257 1887 3331 vel

361 3358 462 3428 turbae
518 3357 540 3427 b
574 3409 588 3425 .
697 3405 700 3410 -

406 3355 511 3525 Αηηξ
532 3355 637 3543 3725.
663 3448 848 3518 observams
872 3446 918 3514 eli
938 3463 1053 3515 vortex
1072 3448 1186 3540 igneus
1207 3465 1401 3536 procurrens
1422 3448 1455 3517 in
1481 3445 1549 3517 solo
1571 3469 1646 3519 curn
1674 3453 1806 3525 terribili
1827 3454 1879 3526 so·

358 3555 447 3631 nitu,
473 3549 600 3617 minum
620 3545 784 3613 eructabat
801 3542 954 3623 rubrum,
980 3542 1141 3613 inmedio
1160 3542 1233 3633 plus
1257 3542 1409 3627 lucebat3
1434 3542 1550 3613 clarior
1574 3566 1664 3630 erat,
1692 3570 1759 3637 quo
1782 3551 1882 3625 altine

358 3644 594 3717 adscendebat:
627 3658 695 3709 erat
721 3636 943 3728 sesquipedem
967 3637 1078 3726 latus,
1111 3661 1227 3735 magna
1251 3639 1418 3732 rapiditate
1442 3643 1475 3710 in
1499 3638 1599 3711 altum
1623 3640 1751 3714 volabat
1774 3667 1878 3737 usque

359 3744 400 3814 ad
424 3742 545 3813 nubem
571 3740 602 3810 ni
644 3757 722 3823 am,
755 3755 852 3826 quant
875 3738 1036 3830 attingens
1055 3735 1135 3807 sumi
1158 3737 1254 3808 instar
1280 3738 1519 3829 repellebatur:
1554 3735 1695 3810 successu
1723 3744 1882 3832 temporie

360 3839 586 3918 minuebatur,
621 3852 846 3931 anguescente·
865 3831 955 3902 srmul
980 3829 1080 3916 sono,
1115 3838 1171 3925 qui
1198 3836 1411 3905 mortiterum
1437 3834 1682 3922 intendebatur3
1708 3857 1776 3907 non
1800 3837 1882 3912 sem·

350 3934 418 4032 'per
440 3939 526 4022 reela
548 3931 789 4014 adscendebat,
816 3928 868 4000 sed
890 3927 1043 3999 aemulans
1065 3950 1168 4003 comu
1187 3954 1206 4003 rt
1231 3950 1329 4005 vento
1351 3931 1598 4005 insedebatur:
1633 3937 1666 4005 in
1687 3953 1778 4025 part:
1800 3933 1881 4008 infe·

359 4038 437 4109 riori
463 4032 565 4126 major
586 4049 655 4106 erat
671 4028 845 4116 velocitas,
872 4048 969 4118 quam
985 4027 1017 4098 in
1034 4026 1212 4122 superiori:
1239 4030 1403 4101 desinebat
1423 4052 1498 4104 cum
1517 4034 1642 4123 crepitu
1659 4035 1792 4104 tonitmi
1819 4031 1880 4130 (c).

410 4132 523 4204 Alium
549 4127 710 4221 descripsit
732 4125 914 4199 Boscovich
930 4137 948 4210 ,'
983 4129 1040 4216 qui
1071 4129 1172 4200 Anno
1203 4148 1308 4220 1749.
1341 4131 1438 4200 noste
1467 4131 1509 4200 ab
1533 4149 1591 4199 atr.
1617 4131 1657 4201 ad
1682 4151 1764 4202 xri.
1790 4129 1886 4225 Junll·

358 4252 484 4328 magna
508 4231 588 4320 parti
613 4225 735 4299 Romae
761 4222 934 4296 damnosus
959 4221 1038 4293 suit:
1065 4230 1249 4318 compamit
1272 4223 1389 4297 Turbo
1413 4225 1470 4297 sub
1497 4226 1602 4298 sonna
1626 4229 1722 4300 nubis
1752 4229 1881 4326 longae,

358 4334 478 4426 nigrae,
503 4327 543 4397 ad
569 4345 685 4398 terram
713 4343 820 4416 usque
841 4325 1083 4420 pertingentis,
1119 4323 1176 4394 sed.
1194 4326 1317 4416 ubique
1341 4321 1589 4411 flammivomae,
1615 4325 1749 4416 sulpltur
1764 4327 1885 4422 splmn·

360 4431 420 4510 tis,
443 4425 590 4495 veniebat
614 4424 655 4494 ab
676 4421 777 4493 Ostiae
801 4423 973 4512 partibus,
998 4417 1083 4491 linea
1110 4421 1298 4493 adsensum
1326 4425 1411 4493 retia
1436 4445 1586 4516 magnmn
1611 4421 1732 4495 Romae
1754 4445 1881 4517 partem

346 4517 557 4617 'pertmnstit,
584 4511 619 4585 dt
642 4516 754 4606 postea
774 4517 857 4587 locis
880 4539 970 4602 entra
989 4520 1104 4586 urbem
1128 4519 1288 4601 antenus,
1322 4515 1444 4588 summa
1472 4518 1644 4592 velocitate
1672 4520 1806 4615 spatium
1835 4526 1881 4597 vi·

356 4622 438 4721 ginti
462 4614 655 4686 milliaribus
669 4612 771 4707 majus
794 4611 941 4687 emensus
963 4609 1024 4685 est:
1057 4630 1234 4707 amequam
1258 4615 1355 4692 turbo
1379 4613 1531 4694 Romam
1554 4621 1733 4716 pervenit,
1750 4621 1878 4710 tonuit,

427 4872 488 4950 (a)
508 4871 705 4950 venenatae·
725 4873 852 4942 anun·
873 4872 927 4936 m.
947 4880 1034 4946 ram
1055 4891 1121 4955 m.
1141 4881 1221 4954 aaa,
1348 4951 1380 4956 ,,
1462 4877 1473 4916 ⁵

429 4951 489 5033 (b)
509 4950 679 5031 Philosopb.
709 4954 857 5014 Tranaad.
887 4953 944 5012 No.
959 4962 1029 5030 465.

428 5036 485 5114 (a)
505 5030 658 5099 l’liilioire
678 5030 716 5097 de
736 5031 852 5099 ruent.
871 5034 952 5114 Rop.
972 5036 1029 5103 Ao.
1046 5050 1135 5117 ηις,
1156 5043 1304 5120 pap-m,
1414 5111 1418 5120 ,
1466 5031 1471 5040 ”
