4992 6767
741 689 1616 824 ‘cnionrnrcu
1737 717 1740 722 ’
1849 729 1928 830 ari

394 931 627 1025 Catoptricae,
651 923 892 1023 intelliguntur,
917 926 1096 1021 dequibus
1117 922 1303 1013 Dechales,
1336 925 1499 1017 Zahnius,
1523 929 1690 1018 Wolfius,
1715 928 1841 1020 Smith,
1860 932 1932 1005 alil·

404 1054 469 1127 que
489 1049 621 1101 autores
645 1045 802 1122 egerunt,
828 1025 1000 1110 dehisce,
1025 1046 1100 1095 curn
1124 1046 1210 1116 opus
1229 1026 1303 1110 eli,
1327 1026 1528 1100 consulendi.
2034 1031 2038 1038 '

460 1124 747 1215 Polemoscopium
781 1120 1041 1213 simplicissimum
1067 1118 1247 1194 &tantum
1269 1144 1312 1194 ex
1340 1123 1468 1196 duobus
1492 1124 1628 1216 speculis
1651 1128 1756 1218 planis
1778 1124 1929 1213 sosium,

394 1228 538 1319 sequens
559 1222 617 1292 est.
643 1221 680 1292 ln
694 1220 775 1292 tubo
802 1218 914 1313 ligneo
930 1218 1008 1292 ΚΝ
1018 1216 1052 1288 Ι)
1063 1218 1126 1304 Μ,
1153 1238 1243 1309 parte
1258 1219 1330 1290 ΑΚ
1347 1242 1477 1310 aperta,
1503 1225 1656 1314 oblique,
1674 1222 1801 1313 praestnt
1815 1224 1856 1293 nd
1872 1245 1931 1295 an·

403 1324 518 1421 guium
532 1314 757 1398 semireemm,
781 1314 950 1406 speculum
966 1316 1027 1388 AB
1039 1316 1214 1401 inseritur,
1240 1337 1309 1388 turn
1325 1315 1457 1388 inferius
1471 1317 1605 1390 alterum
1622 1320 1787 1411 speculum
1800 1322 1935 1410 planum

404 1417 507 1503 CD,
531 1419 630 1508 priori
656 1412 843 1506 potallelutn
866 1414 997 1485 aduerso
1019 1415 1094 1485 fitur
1119 1413 1201 1484 lutus
1219 1415 1289 1484 tubi
1312 1414 1394 1485 inE
1418 1415 1463 1486 est
1481 1416 1699 1504 perforatum,
1724 1420 1879 1490 eminenti
1896 1417 1936 1488 li·

406 1539 495 1615 gneo
524 1515 592 1586 srnu
619 1514 676 1604 qui
696 1510 829 1583 oculum
855 1532 972 1601 capere
997 1509 1101 1602 possit.
1172 1508 1319 1603 ObJeeta
1337 1514 1436 1606 igitur
1460 1512 1516 1584 sub
1541 1513 1598 1584 dio
1621 1515 1729 1585 radios
1750 1517 1876 1585 vibrant
1899 1516 1935 1586 in

407 1612 574 1707 speculum
598 1610 697 1694 AB,
723 1606 826 1700 qualis
848 1606 894 1677 est
918 1606 1002 1690 ΚΕ,
1027 1608 1077 1678 his
1100 1607 1157 1677 sub
1184 1608 1300 1697 aequali
1322 1609 1444 1702 angulo
1471 1612 1512 1680 ad
1538 1610 1586 1701 P,
1612 1608 1648 1681 de
1664 1611 1740 1682 inde
1762 1612 1804 1681 ad
1828 1609 1859 1681 Ε
1885 1631 1936 1680 re·

406 1712 649 1803 percutiuntur,
676 1725 714 1777 ut
733 1704 847 1776 oculus
863 1703 1083 1795 perforamen
1108 1704 1139 1774 E
1164 1702 1297 1794 objecta
1323 1725 1455 1777 externa
1469 1727 1590 1784 cernat
1641 1706 1670 1778 F
1672 1710 1742 1778 iunt
1758 1709 1856 1780 etiam
1870 1706 1936 1777 l’o·

407 1807 607 1897 lemoscopia
620 1802 824 1894 composta,
847 1822 890 1872 ex
905 1823 973 1872 uno
991 1800 1122 1891 speculo
1136 1802 1257 1892 plano,
1284 1798 1320 1871 dt
1336 1823 1378 1872 ex
1405 1827 1446 1888 2,
1465 1825 1507 1895 3,
1532 1829 1568 1894 4.
1593 1804 1755 1889 lentibus,
1773 1824 1840 1875 tum
1861 1824 1936 1893 quae

409 1904 480 1976 sunt
505 1905 606 1999 magis
629 1899 833 1991 composita,
853 1919 895 1970 ex
916 1898 1044 1970 duobus
1069 1898 1206 1988 speculis
1225 1898 1330 1988 planis
1353 1896 1390 1969 dt
1410 1920 1449 1970 ex
1471 1902 1612 1971 lentibus
1641 1925 1689 1987 ι,
1718 1921 1761 1991 3,
1788 1925 1823 1990 4.
1850 1900 1938 1971 Inter

406 2002 478 2073 haec
500 1999 635 2090 sequens
657 1998 704 2068 est
727 2017 769 2066 ex
792 1993 986 2087 Telescopio
1011 1992 1219 2069 Batavico&
1241 1995 1370 2067 duobus
1397 1996 1535 2087 speculis
1559 1996 1665 2087 planis
1681 1996 1877 2087 parallelis,
1899 2018 1940 2067 o·

406 2098 518 2187 blique
544 2097 624 2166 tubo
649 2097 734 2165 inter
754 2093 865 2164 ambas
888 2094 992 2165 lentes
1013 2093 1156 2174 insertis,
1183 2114 1251 2162 tum
1277 2113 1319 2161 ex
1347 2113 1494 2183 apertura
1518 2091 1551 2164 K
1576 2097 1698 2164 eminet
1718 2094 1758 2163 ad
1781 2093 1941 2188 angulum·

406 2192 546 2282 redium¹
564 2193 668 2262 brevis
693 2191 810 2276 tubus,
836 2189 927 2282 cujus
948 2190 1078 2263 orificio
1108 2189 1243 2257 immill'a
1271 2189 1317 2256 est
1342 2189 1413 2258 lens
1439 2211 1585 2262 convexa
1608 2189 1815 2281 Telescopii,
1841 2186 1876 2258 dt
1892 2187 1939 2259 la·

406 2289 495 2360 terali
517 2287 661 2360 inferiori
684 2285 834 2357 foramini
858 2290 1035 2373 apponitur
1063 2287 1132 2351 lens
1157 2303 1323 2365 concava,
1349 2304 1446 2371 quam
1468 2305 1636 2373 permeant
1659 2285 1738 2352 radii
1764 2307 1782 2351 a
1804 2284 1938 2374 speculo

407 2385 549 2458 inferiori
572 2384 736 2470 replicati:
763 2380 854 2447 simili
878 2379 982 2448 modo
1006 2375 1111 2447 lentes
1136 2375 1209 2446 duae
1229 2398 1406 2460 converte,
1433 2401 1506 2470 quae
1529 2378 1724 2470 Telescopio
1746 2379 1940 2450 astronomi·

405 2505 449 2554 co
475 2482 634 2559 serviunt,
660 2474 814 2564 applicari
838 2471 978 2563 possunt.
1032 2468 1077 2543 Hi
1101 2473 1168 2542 bini
1191 2474 1282 2544 modi
1301 2474 1372 2546 sunt
1387 2475 1457 2548 satis
1474 2477 1572 2547 boni:
1598 2475 1679 2547 alios
1701 2476 1865 2546 brevitatis
1889 2498 1941 2548 er·

409 2601 456 2672 go
473 2574 508 2646 dt
529 2574 606 2663 quia
628 2571 698 2642 sunt
719 2571 826 2639 minus
850 2566 1052 2660 praestantes,
1077 2572 1267 2660 praeteribo:
1293 2573 1436 2643 videatur
1460 2572 1565 2644 Smith
1586 2573 1660 2670 sig.
1687 2572 1770 2644 626.
1796 2575 1830 2643 in
1846 2594 1939 2646 corn·

409 2673 500 2763 pleat
523 2667 658 2757 system.
684 2664 727 2736 os
735 2664 874 2755 Optiltst
895 2666 936 2734 de
950 2667 1043 2736 variis
1064 2664 1305 2758 Polemoscopii
1320 2667 1482 2739 strunuris
1498 2669 1576 2739 duas
1593 2667 1844 2763 Disputationes
1857 2692 1939 2743 con·

413 2768 534 2858 scripfit
569 2765 632 2835 A0.
663 2782 766 2856 1709.
791 2762 849 2834 Cl.
874 2757 1140 2857 Ehrenbergerus
1165 2761 1327 2833 Professor
1348 2763 1522 2856 Jenenlis:
1555 2768 1705 2837 inventor
1731 2765 1941 2837 Polemosco-

409 2869 456 2954 pii
479 2864 539 2932 suit
554 2859 709 2931 Herelius
734 2860 793 2929 A0.
824 2857 927 2950 ¹637·
945 2859 1036 2949 quod
1056 2857 1239 2951 descripsit,
1266 2859 1479 2953 depinxitque
1494 2864 1528 2932 in
1548 2859 1813 2958 Selenographio
1827 2862 1940 2953 prole·

408 2979 559 3056 gomenrs
584 2976 658 3051 pag.
687 2979 744 3045 24.

458 3081 490 3179 ᾗ.
516 3077 904 3153 MDCCCCXCVlll.
928 3076 1170 3151 Stramineis
1196 3073 1294 3162 AX,
1322 3076 1419 3164 CK,
1442 3082 1476 3149 in
1503 3077 1670 3170 speculum
1687 3078 1940 3171 sphaerico-con
1990 3094 2057 3154 ros

404 3200 526 3252 nexum
551 3174 706 3247 ΝΚΚΡ
731 3176 872 3267 paralleli
894 3175 936 3245 ad
958 3180 1031 3246 axin
1059 3171 1132 3246 XB
1158 3172 1323 3259 incidant,
1348 3174 1382 3245 hi
1407 3173 1518 3245 reflexi
1544 3196 1563 3243 a
1584 3173 1717 3265 speculo
1738 3177 1908 3268 divergent
1926 3163 2035 3276 ,¹f}¹¹·

406 3277 574 3348 formaturi
595 3272 706 3343 socurn
723 3276 943 3369 imaginarium
960 3276 994 3346 in
1014 3268 1068 3359 E,
1094 3293 1169 3364 quar
1193 3269 1239 3340 est
1264 3271 1370 3343 media
1386 3270 1532 3343 distantia
1548 3273 1632 3342 inter
1647 3292 1795 3343 centrum
1818 3271 1850 3343 F
1867 3272 1938 3363 spe·
2001 3258 2025 3294 ”

410 3375 498 3455 culi,
525 3368 786 3460 &superficiem
814 3369 900 3442 ΚΧ.

459 3472 530 3541 Sint
550 3469 617 3537 dno
645 3467 724 3535 radii
747 3467 842 3551 AX,
868 3468 964 3557 CK,
988 3469 1150 3557 proximi,
1184 3485 1226 3533 ex
1250 3483 1364 3535 centro
1385 3463 1415 3535 F
1438 3486 1498 3553 per
1511 3464 1671 3555 pundlum
1694 3462 1727 3536 Κ
1753 3464 1940 3538 incidentia

410 3569 546 3637 ducatur
567 3562 658 3634 rena
685 3562 814 3645 FKL,
839 3585 914 3651 quae
937 3566 997 3632 erit
1020 3562 1187 3644 cathetus,
1212 3580 1281 3629 tum
1303 3565 1390 3631 resta
1413 3560 1558 3644 EKlll,
1583 3564 1643 3631 erit
1660 3562 1746 3632 MK
1762 3562 1868 3633 radius
1885 3581 1936 3638 re·

407 3663 540 3744 -llexus,
564 3660 586 3729 sr
613 3655 688 3729 CK
712 3656 808 3727 fucrit
822 3659 977 3729 incidens.

461 3755 549 3828 Nam
574 3756 619 3826 est
644 3753 773 3827 EF:
802 3753 895 3836 EX,
921 3755 975 3824 sed
998 3752 1044 3824 est
1067 3752 1138 3825 ΕΚ
1165 3773 1200 3832 :
1233 3754 1336 3837 EX,
1369 3754 1446 3843 quia
1472 3753 1543 3825 sunt
1568 3752 1645 3824 radii
1672 3754 1836 3842 proximi,
1856 3771 1937 3851 ergo

408 3854 484 3929 ΕΚ
509 3872 545 3929 :
572 3851 657 3937 EF,
683 3851 759 3921 lrinc
784 3853 816 3921 in
842 3850 940 3921 Trian
987 3851 1020 3920 lo
1042 3850 1176 3920 Isoscele
1191 3852 1329 3949 angulus
1348 3848 1456 3922 EKF
1476 3867 1511 3924 :
1539 3848 1669 3934 EFK,
1696 3852 1750 3920 cni
1767 3849 1813 3919 est
1827 3872 1938 3943 aequo·

411 3945 611 4121 ΙίεΚΟΙΚΕ,
637 3949 684 4020 ob
708 3947 875 4039 parallelas
901 3946 933 4019 C
981 3997 994 4033 ,
1019 3945 1114 4033 XF,
1141 3945 1243 4020 &est
1269 3945 1392 4023 MKL
1416 3962 1452 4027 :2
1480 3945 1613 4035 EKF,
1637 3968 1720 4044 ergo
1744 3945 1862 4020 CKL
1885 3962 1924 4025 Ξ

467 4184 499 4274 §.
530 4175 882 4254 MDCCCCXCIX.
914 4183 948 4254 Si
970 4184 1049 4254 radii
1073 4182 1276 4277 divergentes
1298 4174 1390 4263 ΕΒ,
1422 4174 1526 4264 ΕΙ),
1554 4179 1588 4246 in
1615 4173 1779 4266 speculum
1807 4176 1935 4267 sphaeri-
1987 4188 2052 4244 ros

410 4298 665 4453 {oc-corgegum
676 4274 776 4445 ABED
792 4279 1008 4449 ἐηὲἰάεήηῑ,
1042 4283 1102 4350 erit
1131 4276 1225 4348 focus
1260 4277 1464 4371 imaginarius
1498 4277 1533 4345 in
1556 4272 1617 4362 C,
1650 4273 1783 4366 quando
1815 4252 2041 4383 capiturssfff,

473 4475 526 4546 Ex
546 4493 662 4544 centro
685 4474 718 4542 ll
738 4493 798 4566 per
823 4475 862 4548 D
889 4473 1025 4545 ducetur
1047 4473 1193 4545 cathetus
1217 4469 1362 4557 ΑΕΚ,
1386 4491 1459 4543 tum
1482 4489 1596 4544 centro
1621 4467 1679 4559 Ε,
1713 4466 1805 4541 radio
1830 4465 1933 4555 ΕΙ),

406 4573 605 4647 describatur
628 4588 744 4656 meus,
770 4571 879 4644 secans
898 4573 1062 4643 cathetum
1085 4574 1119 4643 in
1144 4568 1200 4656 R,
1232 4572 1367 4643 ducatur
1392 4568 1485 4643 ER:
1510 4590 1569 4661 per
1589 4565 1627 4639 D
1650 4570 1785 4641 ducatur
1809 4567 1844 4641 C
1852 4565 1935 4642 DN

408 4666 562 4765 parallelo
588 4666 630 4735 ad
653 4663 749 4754 ER,
774 4670 833 4741 erit
855 4668 1016 4762 punsturn
1042 4668 1077 4743 C
1102 4669 1290 4762 quaestum:
1314 4669 1360 4742 est
1384 4673 1471 4740 enim
1494 4685 1627 4759 propter
1643 4688 1751 4739 arcum
1768 4665 1845 4739 BD
1860 4688 1936 4758 par·

408 4788 512 4850 rum,
537 4759 617 4837 CD
643 4775 679 4840 Ξ
708 4763 804 4851 CB,
829 4763 865 4840 δι
890 4767 962 4842 ΕΒ
988 4785 1024 4863 ς
1050 4767 1149 4853 ΕΙ),
1173 4768 1322 4859 adeoque
1343 4768 1436 4854 AC,
1462 4764 1539 4840 CD
1566 4788 1594 4835 :r
1625 4766 1723 4852 ΑΕ,
1746 4764 1843 4855 ΕΚ,
1869 4765 1933 4837 sve

409 4863 511 4948 Ac,
536 4860 608 4935 CB
634 4884 663 4932 :a
689 4861 783 4953 ΑΕ,
808 4862 898 4938 EB:
924 4867 970 4940 est
990 4888 1068 4940 vero
1093 4867 1230 4965 angulus
1253 4864 1372 4938 EDR
1398 4865 1603 4950 incidentiae,
1628 4867 1681 4936 cui
1704 4864 1748 4935 es
1766 4868 1799 4935 in
1815 4862 1933 4933 Trian-

409 4964 492 5065 tulo
514 4958 652 5041 mucre
674 4961 814 5063 wgullln
834 4962 955 5043 ERD
979 4964 1112 5063 aeqtulir
1127 4963 1350 5138 idllrrlrilclvero
1370 4967 1412 5041 ab
1434 4962 1603 5063 parallelas
1627 4960 1725 5051 ΕΚ,
1757 4957 1840 5033 DN
1823 5004 1876 5141 ae’q
1875 4947 1934 5119 ἃ
2075 4975 2080 4988 ·

1298 5085 1320 5138 n
1919 5117 1933 5138 ,
