4992 6767
554 697 644 823 pat
805 668 1335 782 uuurvnus'a
1386 681 1844 779 anoton-um
1932 713 1939 725 ·

560 888 811 991 experimentis,
834 891 903 960 imo
925 881 1003 959 dum
1020 886 1089 960 Ait
1102 875 1267 983 perreptat'
1284 885 1342 959 has
1356 883 1509 975 laminas,
1532 888 1663 960 colores
1679 887 1770 959 nullo
1785 890 1888 964 modo
1903 893 2092 967 mutantur!

437 1021 439 1025 ·
561 1015 629 1089 ope
643 990 750 1062 antliae
775 985 1093 1082 pneumatica-leci,
1120 1003 1157 1058 ut
1176 989 1246 1060 Aiir
1268 988 1423 1057 transterit
1451 985 1562 1082 plagas
1585 986 1770 1058 coloratas:
1803 989 1886 1063 adeo
1911 1012 1947 1062 ut
1974 992 2097 1063 hucus-

560 1114 626 1186 que
649 1085 730 1160 nihil
751 1085 961 1162 verosimilius
985 1084 1043 1172 lit,
1069 1106 1168 1177 quam
1188 1110 1208 1157 a
1226 1085 1354 1155 lamella
1378 1086 1490 1171 eirca,
1515 1106 1589 1174 quae
1616 1084 1662 1155 est
1687 1087 1770 1156 inter
1794 1084 1929 1161 laminas
1954 1093 2099 1178 vitreas,

561 1186 700 1266 annulos
724 1183 857 1259 sonnati
881 1184 1065 1272 coloratos,
1085 1183 1189 1257 veluti
1212 1186 1296 1254 inter
1319 1182 1422 1255 lentes
1445 1181 1724 1276 Telescopiorum.

609 1312 644 1411 ς.
669 1307 973 1386 MDCCCXLll.
1004 1306 1171 1406 Quaeritur
1198 1330 1297 1402 quare
1323 1307 1397 1379 Lux
1418 1310 1451 1378 in
1478 1309 1612 1380 luminas
1636 1330 1748 1382 tenues
1769 1310 1880 1403 illapsa
1902 1316 2019 1403 partim
2045 1336 2100 1387 re-

561 1414 722 1506 plicetur,
747 1412 864 1502 partim
887 1405 1134 1502 perrepret„&
1160 1410 1194 1479 ln
1215 1408 1345 1478 uolones
1369 1407 1529 1499 separetur
1554 1428 1695 1499 utroque
1716 1410 1815 1481 casu?
1843 1408 1983 1479 fatemur
2001 1411 2101 1503 phoe·

560 1530 705 1581 nomena
729 1507 792 1577 elle
816 1508 986 1597 hucusque
1010 1508 1142 1575 rationis
1173 1510 1408 1595 incompertae,
1441 1503 1550 1575 saltem
1579 1526 1692 1576 eorum
1717 1529 1826 1578 veram
1853 1508 2095 1602 probatamque

558 1607 692 1679 ,causam
716 1626 840 1676 erutam
864 1605 1056 1695 allatumque
1079 1603 1229 1674 nondum
1250 1602 1332 1687 ell'e,
1358 1603 1522 1694 quicquid¹
1537 1621 1694 1673 tentatum
1718 1603 1826 1675 suerit.

615 1730 647 1828 ς.
672 1720 982 1802 MDGCCXLlll.
1004 1724 1192 1824 Pigmentis
1215 1725 1249 1799 dt
1275 1727 1412 1819 objetiis
1434 1725 1549 1797 beatis
1574 1725 1637 1797 five
1664 1727 1818 1798 coloratis
1843 1729 1938 1801 color
1950 1733 2096 1822 proprie

563 1852 634 1903 non
653 1828 751 1900 inest:
777 1825 831 1897 sed
853 1831 1020 1923 pigmenta
1045 1827 1152 1898 lucem
1179 1825 1328 1917 allapsam
1353 1824 1520 1895 secemuat
1542 1826 1576 1893 in
1603 1822 1751 1909 colores,
1770 1847 1921 1916 vquorum
1952 1827 2097 1899 nonnul·

560 1930 616 2000 lus
644 1925 804 2009 reddunt,
830 1946 904 1995 cum
927 1926 1047 2015 quibus
1069 1926 1235 2019 pigmentt
1264 1923 1463 2014 spedonam,
1488 1920 1569 1991 alios
1596 1919 1745 2006 sorbenr3
1772 1922 1833 1992 hos
1854 1925 1963 1993 multis
1983 1944 2096 2014 reper-

558 2024 761 2097 ..cullronibus
788 2026 921 2093 internis
947 2020 1124 2103 suffocant,
1149 2041 1203 2091 aut
1225 2020 1353 2112 sparsam
1378 2021 1615 2101 transmittunt,
1640 2017 1693 2089 vel
1712 2018 1953 2091 obhaerescunr:
1979 2023 2096 2111 proin·

563 2123 608 2192 de
631 2121 759 2213 objeda
781 2141 822 2189 eo
846 2119 975 2190 sull'etta
997 2119 1110 2190 colore
1135 2119 1309 2202 videntur,
1343 2119 1400 2207 qui
1425 2115 1470 2185 est
1494 2118 1527 2185 in
1541 2114 1713 2205 replicatis
1734 2113 1832 2210 Lucis
1859 2119 1980 2187 radiis:
2013 2120 2092 2212 pig-

564 2238 673 2289 menta
697 2236 804 2286 nutem
825 2216 895 2285 sunt
922 2215 1112 2303 corpuscula
1131 2213 1326 2298 tenuiliimu,
1351 2214 1502 2301 adeoque
1526 2210 1736 2303 prolaminis
1759 2214 1925 2296 tenuibus,
1950 2213 1992 2282 de
2011 2216 2092 2302 qui·

565 2315 631 2384 bus
650 2318 684 2382 ia
708 2312 739 2405 p.
771 2313 876 2401 1831.
899 2311 1020 2380 ditium
1042 2310 1116 2395 eil,
1148 2309 1317 2394 iubenum
1346 2331 1419 2399 quae
1443 2310 1636 2398 corporibus
1661 2308 1848 2380 extrinsecus
1867 2310 2092 2396 adliniuntur,

566 2411 631 2481 live
654 2406 755 2479 soluta
780 2409 813 2476 in
845 2428 955 2496 aqua,
988 2427 1043 2477 aut
1071 2410 1104 2476 in
1138 2407 1207 2476 aliis
1238 2405 1350 2480 fluidis
1370 2404 1543 2475 Tindluras
1563 2402 1729 2489 sonnent,
1752 2407 1824 2477 live
1843 2405 1906 2477 olei
1924 2404 2097 2476 beneficio

565 2506 727 2598 applicata
753 2502 986 2589 adhaerescunt,
1013 2504 1111 2575 veluti
1136 2524 1277 2595 corpora
1306 2505 1435 2574 vernice
1459 2522 1515 2571 aut
1534 2500 1613 2572 suto
1633 2504 1862 2574 «obducuntur.
1902 2499 1994 2572 :Hac
2022 2505 2097 2598 pig·

560 2622 677 2673 menta
709 2623 770 2693 pro
799 2601 884 2672 varii
918 2600 1051 2671 crassitie
1084 2600 1242 2672 diversum
1274 2601 1421 2671 colorem
1449 2621 1489 2668 ex
1512 2598 1592 2669 lucis
1615 2600 1709 2669 radiis
1734 2599 1933 2672 reflectunt:
1969 2599 2095 2670 idcirce

564 2701 656 2780 idem
677 2702 886 2794 pigmentum
906 2719 1004 2790 prout
1026 2698 1145 2769 diversa
1169 2699 1303 2771 crassitie
1327 2696 1478 2781 evaserit,
1503 2696 1617 2766 colore
1639 2696 1768 2782 differt,
1793 2695 1934 2769 &nunc
1951 2695 2094 2783 florido,

567 2817 655 2873 trunc
678 2796 806 2866 aullero
827 2797 964 2867 videtur.
1007 2795 1354 2890 ·,Cinnabaris.inregra
1380 2816 1477 2884 quam
1501 2792 1606 2863 saturo
1619 2794 1880 2865 eolorerubet?
1906 2794 1986 2864 striis
2011 2815 2093 2866 con·

566 2895 626 2970 stat
649 2890 891 2984 splendentibus
915 2890 950 2963 dt
974 2892 1138 2985 prosunde
1162 2897 1352 2983 purpureis:
1377 2888 1510 2959 contusa
1529 2892 1562 2959 in
1583 2889 1750 2979 pulverem
1768 2893 1941 2962 mediocris
1957 2892 2094 2962 tenuita-

569 2994 611 3068 tis
632 2990 669 3061 lit
688 2995 808 3060 amoeni
833 2992 924 3057 rubei
950 2991 1091 3058 coloris.-
1114 3006 1200 3055 cum
1224 3008 1309 3076 aqua
1337 2984 1429 3073 supra
1453 2983 1676 3075 porphyritem
1700 2990 1773 3058 trita
1794 2992 1828 3060 in
1851 2987 2092 3079 impalpabilenr

568 3087 796 3167 subtilitatem,
831 3082 967 3154 multant
991 3081 1032 3150 de
1054 3081 1273 3170 pulcritudine
1293 3081 1416 3152 coloris
1438 3083 1584 3168 amittit,
1609 3085 1659 3153 ad
1684 3088 1863 3156 tutantium
1887 3084 2093 3157 accedendo:

567 3181 651 3250 redit
671 3176 842 3247 suaviffima
865 3177 992 3245 rubedo
1010 3178 1051 3247 rb
1074 3175 1176 3245 affuso
1199 3177 1277 3248 oleo
1293 3176 1389 3264 Lini,
1416 3176 1607 3267 Papaveris,
1632 3181 1683 3251 vel
1705 3182 1736 3251 T
1738 3184 1966 3255 erebinthinae:
1992 3181 2094 3253 limile

569 3273 648 3365 quid
662 3274 707 3340 »in
730 3274 822 3342 viridi
839 3271 917 3340 ‘Qaeris
940 3272 1010 3357 eil,
1043 3271 1134 3361 quod
1158 3274 1260 3344 modo
1291 3274 1408 3345 illitum
1434 3273 1578 3347 senellris
1599 3278 1718 3348 aedium
1742 3279 1788 3348 'est
1811 3281 1933 3351 coloris
1960 3301 2001 3351 ex
2023 3302 2093 3352 coe·

566 3368 661 3440 tulto
685 3367 809 3437 viridis:
836 3370 990 3457 temporis
1011 3367 1151 3440 successu
1169 3421 1180 3454 ,
1213 3371 1363 3444 avolante
1385 3370 1492 3456 oleo,
1526 3375 1682 3465 quicquid
1707 3376 1761 3445 ad'
1775 3377 1953 3448 caeruleum
1974 3398 2090 3474 verge-

567 3468 652 3549 bat,
681 3466 795 3554 perit,
829 3463 992 3556 superstite
1020 3467 1133 3539 colore
1155 3470 1278 3556 viridi,
1310 3472 1454 3562 partibus
1478 3472 1548 3540 teris
1566 3475 1701 3562 propius
1726 3473 1845 3547 adadis
1859 3525 1875 3562 .,
1901 3476 1997 3549 color
2017 3473 2092 3567 poll

568 3582 672 3656 annus
695 3562 848 3654 austerior
873 3561 929 3651 fit,
954 3566 1045 3636 omni
1068 3563 1136 3637 sere
1163 3586 1203 3636 ex
1230 3567 1358 3639 densati
1383 3566 1500 3638 iamim
1526 3569 1663 3658 expulso
1689 3569 1777 3642 oleo.

620 3659 653 3730 Τ
655 3661 794 3732 indures
825 3662 1003 3734 coeruleum
1031 3662 1178 3734 Indicum
1200 3668 1232 3735 in
1253 3688 1338 3755 aqua
1359 3687 1435 3736 cum
1458 3664 1569 3736 lixivio
1596 3662 1629 3735 ἃ
1652 3669 1741 3738 calce
1771 3692 1955 3741 macerant:
1990 3670 2091 3741 oritur

568 3757 679 3848 liquor
699 3758 825 3842 viridis3
853 3759 885 3824 in
907 3780 975 3844 quo
992 3758 1148 3826 bulliente
1170 3763 1202 3827 in
1225 3765 1350 3829 cortina
1367 3782 1494 3847 pannus
1518 3761 1639 3831 coloris
1657 3785 1771 3852 expers
1792 3768 1945 3857 injetlus,
1972 3764 2093 3836 &esu-

566 3857 672 3935 tiens,
698 3852 806 3921 viridis
834 3851 1024 3934 extrahitur3
1060 3850 1179 3920 deinde
1205 3854 1239 3921 ln
1263 3874 1347 3942 aqua
1368 3852 1481 3947 frigida
1507 3852 1730 3947 refrigeratur,
1756 3860 1859 3948 planis
1877 3864 2021 3932 tunditur
2039 3862 2096 3933 ba·

566 3947 672 4031 cillis,
697 3944 856 4034 abluitur,
881 3941 975 4016 color
1001 3945 1108 4019 viridis
1131 3948 1164 4018 in
1190 3948 1367 4019 coeruleum
1390 3950 1542 4031 vertitur,
1568 3971 1647 4019 mox
1671 3954 1786 4021 iterum
1804 3976 1895 4043 aquae
1910 3958 2024 4025 calidae
2045 3961 2096 4029 in·

565 4038 670 4140 jeuu's
695 4063 821 4136 pannus
845 4040 966 4114 coloris
985 4043 1022 4114 lit
1042 4041 1192 4117 suavioris
1214 4045 1347 4117 coerulei
1366 4043 1444 4116 telle
1471 4041 1609 4116 Helloto
1636 4046 1741 4141 (a),
1767 4045 1802 4119 dt
1825 4054 1871 4121 uti
1888 4050 1975 4141 apud
1991 4049 2099 4124 Tinc-

568 4163 657 4217 tures
680 4138 866 4232 Leydeuses
893 4142 1039 4230 quotidie
1064 4141 1165 4213 videri
1189 4143 1309 4233 potest.

616 4237 677 4312 Est
699 4239 848 4333 quaedam
872 4236 1008 4310 cochlea
1029 4241 1176 4325 marina,
1207 4243 1240 4311 in
1264 4263 1353 4333 qua,
1390 4237 1489 4310 satta
1512 4237 1620 4326 tells,
1645 4238 1740 4316 Vena
1761 4266 1894 4337 apparet
1917 4242 2015 4330 alba,
2041 4248 2094 4317 cui

568 4339 707 4434 viscidus
729 4336 823 4409 albus
849 4335 957 4428 liquor
978 4336 1084 4410 inest:
1117 4337 1171 4408 hic
1200 4339 1356 4429 penicillo
1381 4334 1536 4409 abstersus
1558 4331 1594 4408 bt
1615 4337 1792 4413 linteamini
1818 4339 1943 4427 illitus,
1984 4364 2003 4412 a
2028 4363 2096 4433 quo

569 4436 738 4522 sorbetur,
762 4435 852 4506 illito
873 4438 906 4505 in
932 4434 1078 4508 colorem
1099 4432 1256 4521 viridem,
1283 4436 1467 4520 floridum,
1493 4435 1670 4508 suaviorem
1692 4442 1844 4523 vertitur,
1871 4459 1939 4508 tum
1956 4458 2101 4529 mutatur,

570 4534 606 4603 ln
620 4535 755 4606 viride'rn
778 4533 958 4621 austerum,
984 4531 1101 4606 deinde
1123 4534 1159 4605 in
1184 4533 1332 4626 ¹colorent
1354 4531 1574 4619 cicerculum,
1599 4538 1656 4625 qui
1680 4535 1804 4627 aliquot
1826 4536 1939 4627 elapsis
1962 4537 2095 4608 minutis

570 4628 617 4716 lit.
632 4624 810 4718 coeruleus,
836 4637 914 4704 tum
928 4632 1048 4705 rubeus
1072 4653 1209 4729 vergens
1231 4633 1266 4705 ln
1283 4650 1507 4728 purpureum:
1536 4629 1558 4701 st
1582 4629 1711 4704 bihorio
1734 4654 1917 4725 exponatur
1944 4632 2034 4719 Soli,
2060 4630 2095 4703 iit

569 4723 705 4824 ¹prelllor
724 4729 884 4803 coeruleus
907 4729 1024 4807 color:
1058 4731 1237 4809 coeruleum
1257 4731 1324 4807 hoc
1347 4732 1524 4835 bnteamen
1539 4732 1671 4823 injaqua
1691 4734 1823 4807 collum
1843 4753 1919 4807 cum
1940 4731 2093 4901 deputate,

577 4915 602 4934 ⁵¹
639 4982 702 5068 (ι)
721 4980 889 5056 amnone
910 4985 947 5050 ae
968 4973 1081 5058 tuae
1102 4998 1180 5076 noy.
1200 4982 1361 5072 rama.
1376 4970 1536 5072 pentir·
1558 4987 1588 5053 ἃ
1608 5005 1688 5073 ¹0³0·
