4992 6767
630 685 1683 788 tiumuttomsromuie
1811 721 1928 812 ross:

396 905 554 976 rizontein
575 890 833 966 meridionalem.
888 888 972 962 Non
997 887 1120 980 semper
1148 911 1190 962 eir
1214 890 1303 964 nube
1331 886 1455 962 direilc
1476 890 1519 964 ad
1543 890 1663 962 Zenith
1686 889 1914 982 incendunt,

397 1000 451 1072 sed
475 1011 610 1087 quoque
632 990 675 1060 ad
704 989 802 1061 latera
822 987 997 1072 feruntur,
1022 989 1229 1082 praecipuesi
1254 991 1287 1059 in
1309 983 1433 1084 plaga,
1458 990 1543 1059 inter
1565 988 1852 1080 septemtrionem,
1877 988 1914 1062 dt

397 1096 531 1174 Ortum,
547 1087 599 1162 vel
628 1085 791 1159 Occasum
813 1086 921 1157 media
944 1085 1050 1155 nubes
1080 1083 1213 1157 lucifera
1243 1085 1387 1177 suspensa
1404 1085 1467 1156 sti
1500 1087 1686 1158 observatus
1713 1084 1812 1154 aCl.
1837 1084 1913 1158 Kir-

396 1193 473 1265 chio
494 1189 615 1271 locus,
648 1184 691 1256 ad
720 1203 819 1275 quem
850 1182 1015 1254 columne
1047 1183 1312 1265 concurrebant,
1353 1184 1410 1272 qui
1437 1202 1483 1274 29
1512 1183 1667 1279 gradibus
1688 1182 1707 1252 i
1732 1181 1852 1253 Zenith
1873 1183 1920 1255 ad

397 1287 549 1361 Austrum
568 1280 776 1354 declinabat:
808 1299 949 1351 attamen
971 1276 1142 1370 Petropoli
1168 1277 1225 1352 ei
1249 1277 1504 1365 bomonosow,
1534 1281 1641 1352 versus
1664 1277 1785 1350 Zenith
1816 1278 1919 1352 surre-

399 1385 501 1467 xisse,
527 1377 562 1452 di
587 1377 653 1451 fere
669 1375 805 1474 attigisse
833 1399 922 1449 anno
952 1394 1044 1468 1750
1068 1376 1229 1468 spectavit.
1261 1374 1498 1448 Columnarum
1527 1376 1706 1449 lucidarum
1736 1375 1792 1448 luir
1823 1376 1920 1462 alba,

399 1480 594 1564 rubescens,
619 1476 670 1548 vel
694 1475 865 1572 sanguinea
887 1473 959 1547 est:
990 1493 1214 1566 promoturum
1236 1472 1332 1545 color
1354 1474 1388 1544 in
1414 1473 1550 1545 decursu
1573 1475 1733 1566 interdum
1759 1493 1922 1562 mutatur,

400 1601 436 1652 ut
460 1577 578 1648 lridem
609 1571 735 1645 referat.
786 1571 874 1644 Cum
892 1570 1042 1662 quaedam
1066 1591 1108 1641 ex
1124 1569 1253 1642 diversis
1269 1570 1360 1641 limbi
1374 1570 1477 1666 plagis
1497 1569 1615 1642 emisfae
1638 1572 1679 1640 in·
1696 1571 1815 1641 Ztnidr
1839 1591 1921 1642 con·-

400 1692 559 1758 currunt,
585 1672 842 1764 permiscentur,
866 1667 1010 1761 partibus
1035 1665 1067 1737 se
1089 1668 1352 1759 penetrantibus,
1378 1667 1624 1751 dividentibus,
1649 1670 1793 1758 qualibet
1818 1667 1921 1739 direc-

401 1777 491 1845 tione
515 1774 601 1842 circa
625 1768 656 1840 se
688 1767 899 1852 convolutia3
934 1783 1004 1836 tuin
1030 1764 1227 1837 nubeculam
1260 1762 1435 1856 spissiorem
1464 1762 1607 1837 formant
1628 1815 1640 1851 ,
1680 1789 1755 1857 quie
1778 1786 1856 1836 mox
1878 1767 1921 1836 ab

401 1871 494 1943 omni
517 1887 607 1960 parte
629 1864 756 1938 incensa
771 1864 1006 1948 vehementius,
1023 1883 1122 1954 quain
1142 1883 1231 1947 ante,
1253 1862 1368 1948 ardet,
1388 1861 1565 1953 lumenque
1580 1861 1698 1960 spargit
1717 1862 1840 1945 uiride,
1857 1883 1925 1934 coe·

402 1968 557 2048 tuleum,
581 1984 798 2056 purpureum:
822 1961 892 2032 haec
907 1960 984 2032 ilico
1007 1952 1122 2031 locum
1144 1959 1331 2050 relinquens
1347 1961 1404 2031 sub
1430 1956 1534 2030 sonna
1555 1959 1650 2033 clarae
1673 1961 1769 2032 nubis
1793 1960 1835 2030 ad
1852 1959 1926 2049 pla·

404 2086 478 2161 gain
503 2062 579 2133 coeli
608 2059 775 2130 australem
801 2057 991 2148 seredpitz
1024 2056 1190 2130 obseruata
1214 2059 1311 2128 etiam
1335 2055 1397 2128 fuit
1418 2057 1460 2127 ab
1477 2055 1616 2147 Hulleyo
1649 2057 1754 2153 (a),
1779 2052 1815 2128 di
1836 2055 1927 2126 Mai·

404 2182 484 2235 rano
511 2157 603 2249 (b),
628 2154 826 2245 aliquamdiu
856 2151 1088 2246 permansisse,
1128 2148 1164 2221 δι
1190 2152 1328 2223 sormam
1358 2153 1440 2224 tholi
1470 2155 1503 2224 in
1533 2155 1643 2224 medio
1675 2158 1778 2246 aperti
1805 2152 1930 2225 induis·

402 2259 441 2329 se.
466 2254 643 2325 Columnae
667 2273 763 2322 nouae
785 2247 965 2337 aliquando
982 2247 1219 2336 praecedentes,
1241 2245 1278 2318 δι
1302 2250 1454 2323 evanidas
1476 2254 1545 2322 cito
1570 2250 1820 2340 subsequuntur:
1842 2269 1928 2320 iton·

403 2371 569 2440 nunquam
592 2349 718 2436 aliquot
746 2346 879 2415 minutis
902 2341 1009 2414 fomes
1035 2343 1122 2436 quasi
1143 2344 1303 2439 languet,
1338 2367 1509 2438 antequam
1534 2369 1635 2418 novas
1660 2348 1839 2443 progignit.

452 2446 630 2521 Columnae
653 2439 770 2512 lucidae
790 2439 875 2511 adeo
896 2461 975 2510 tarae
996 2438 1095 2527 sunt,
1128 2458 1165 2512 ut
1188 2460 1248 2530 per
1270 2462 1326 2512 ear
1349 2441 1448 2512 stellae
1473 2446 1601 2532 primae,
1625 2439 1661 2514 δι
1682 2443 1831 2514 secundae
1861 2463 1931 2512 ma·

406 2543 584 2643 gnitudinis
606 2555 849 2630 transpareant:
874 2536 926 2607 hae
949 2557 1083 2628 quoque
1108 2535 1192 2629 faepe
1215 2536 1317 2610 videri
1340 2536 1470 2629 possunt
1490 2558 1578 2609 trans
1601 2542 1698 2611 nubis
1719 2539 1857 2610 limbum
1883 2537 1931 2609 al·

406 2648 512 2724 bum,
538 2642 605 2709 imo
625 2635 698 2708 visae
721 2632 853 2706 fuemnt
876 2653 961 2704 trans
986 2635 1107 2709 nubem
1129 2637 1281 2730 nigram,
1306 2656 1502 2726 quamquam
1528 2636 1593 2706 hoc
1619 2639 1739 2708 ratiun-

459 2735 635 2811 Columnae
661 2731 744 2825 saepe
769 2729 989 2803 insensibiliter
1009 2731 1096 2822 quasi
1119 2733 1153 2802 in
1173 2730 1262 2802 coelo
1283 2730 1429 2801 desinunt
1448 2778 1463 2812 ,
1482 2731 1534 2800 vel
1549 2731 1762 2822 dissipantur,
1786 2734 1872 2805 adeo
1894 2754 1933 2805 ut

407 2836 528 2910 coelum
553 2855 572 2904 a
595 2850 686 2925 parte
716 2825 931 2900 Meridionali·
959 2826 1104 2898 serenum
1127 2847 1285 2898 maneat:
1328 2825 1526 2916 quandoque
1549 2843 1658 2896 tamen
1691 2830 1726 2898 in
1754 2829 1863 2913 locis,
1896 2834 1935 2901 iu

410 2937 528 3027 quibus
550 2926 671 3001 desiisse
695 2926 859 2997 columne
886 2923 1105 3008 videbantur,
1130 2923 1201 2995 isiae
1222 2924 1392 3015 inopinato
1416 2941 1602 3010 eruperunt.

459 3027 624 3102 Interdum
648 3026 682 3095 in
705 3020 884 3093 nubeculas
902 3019 1050 3093 lucemes
1072 3023 1224 3112 abeunt,
1250 3042 1326 3110 quae
1349 3040 1368 3089 a
1391 3014 1487 3113 plaga
1505 3016 1651 3108 quadam·
1669 3019 1936 3110 Septemtrionali

408 3127 451 3200 ad
473 3119 727 3198 Meridionalem
749 3115 1013 3209 provolvuntur:
1054 3116 1130 3189 ideo
1157 3117 1329 3211 postquam
1358 3113 1557 3207 aliquamdiu
1579 3114 1705 3189 duravit
1725 3137 1937 3206 meteomm,

407 3225 491 3299 coeli
510 3241 629 3318 magna
650 3238 724 3312 pars
747 3215 890 3288 nubibus
915 3215 994 3287 raris
1017 3212 1214 3308 completur.

455 3358 486 3458 ς.
512 3347 866 3429 mmccccxclii.
891 3348 1058 3422 Interdum
1084 3371 1125 3422 ex
1149 3353 1236 3422 nube
1261 3350 1344 3420 lucis
1367 3346 1483 3418 fomite
1509 3345 1699 3438 rapidissime
1722 3347 1835 3421 lucens
1865 3371 1936 3422 ma·

409 3463 488 3528 teria
512 3450 663 3524 rarissima
683 3447 891 3534 exploditur,
915 3450 960 3515 ita
981 3467 1016 3515 ut
1030 3469 1092 3517 nec
1117 3448 1221 3517 stellas
1252 3446 1349 3515 sextae
1383 3444 1611 3535 magnitudinis
1645 3448 1842 3540 intercipiat:
1862 3445 1938 3521 hair

410 3553 543 3623 materia
565 3539 741 3614 intervallis
773 3535 952 3624 aequalibus
975 3556 1063 3606 nunc
1085 3538 1229 3622 lucens,
1253 3560 1340 3608 nunc
1363 3539 1516 3609 exstinsia
1540 3541 1626 3631 quas
1647 3591 1664 3626 ,.
1683 3543 1840 3616 undarum
1864 3543 1933 3617 sor·

411 3669 466 3719 rna
496 3638 711 3735 provehitur,
744 3634 778 3702 in
807 3628 957 3702 descensu
980 3630 1188 3719 lucentium,
1220 3638 1253 3705 in
1286 3633 1437 3704 adscensu
1461 3657 1669 3724 opacarum:
1701 3661 1743 3711 an
1771 3661 1840 3714 non
1863 3641 1939 3715 lice

412 3742 575 3816 veteribus
599 3740 712 3827 Capra
735 3727 901 3805 Scitanti
933 3727 999 3798 vidi
1023 3728 1106 3801 hanc
1127 3732 1160 3800 in
1183 3728 1326 3801 latissima
1354 3731 1441 3822 quas
1465 3732 1588 3828 plaga,
1618 3737 1704 3806 resia
1727 3737 1906 3811 direilione
1922 3789 1957 3826 ,.

415 3840 451 3913 it
478 3839 559 3909 ultra
580 3829 700 3903 Zenith
724 3825 842 3920 procul
872 3823 1021 3896 dclaum.
1047 3823 1125 3896 Vidi
1149 3848 1306 3919 quoque,
1331 3835 1350 3897 a
1373 3828 1478 3898 limbo
1498 3828 1637 3901 lucentis
1662 3835 1758 3904 nubis
1785 3836 1937 3927 abruptas

414 3936 506 4009 fuisse
530 3927 713 4101 ιιιιιιὲιιιιιί
730 3922 819 3995 albai
852 3919 976 3996 lucidas
989 3955 1004 4011 ·,
1045 3943 1065 3993 a
1093 3923 1332 4017 Septemuione
1354 3923 1397 3995 ad
1423 3924 1578 3997 Auslriim
1603 3927 1767 4019 delum,
1802 3952 1864 4004 nec
1888 3932 1939 4006 lu·

416 4055 492 4106 men
517 4030 593 4103 dein
616 4047 635 4098 e
659 4025 691 4096 iii
714 4040 831 4096 rantra.

462 4166 493 4264 q.
518 4151 871 4236 MMCCCCXCIV.
895 4151 978 4226 Non
1001 4152 1126 4244 semper
1147 4151 1352 4227 coruscantes
1378 4154 1542 4228 columnae
1565 4176 1607 4227 ex
1641 4158 1729 4230 nube
1753 4159 1872 4254 expelli
1891 4167 1942 4236 vi.

416 4268 554 4346 dentata
569 4259 694 4349 quippe
711 4255 900 4350 contingit,
934 4269 971 4323 ut
993 4250 1157 4336 horizon,
1188 4275 1253 4345 qua
1280 4252 1343 4323 late
1361 4272 1463 4344 patet,
1489 4272 1613 4324 tantum
1640 4254 1756 4329 ardens
1780 4256 1854 4329 luce
1872 4259 1938 4332 cla·

416 4359 532 4434 tissimi
553 4369 736 4446 appareat,
768 4370 867 4443 atque
890 4370 931 4422 ex
963 4348 1025 4420 hac
1047 4348 1122 4420 luce
1149 4347 1284 4421 ilibinde
1308 4349 1421 4421 breves
1458 4347 1671 4444 fulgentiores
1696 4354 1860 4428 columna
1885 4377 1940 4430 cx·

418 4479 520 4542 eant,
546 4452 675 4522 forsitan
690 4467 761 4517 tum
790 4449 895 4520 nubes
919 4446 1002 4518 lucia
1024 4446 1129 4518 fomes
1152 4445 1233 4520 insta
1257 4447 1464 4517 horizontem
1489 4447 1690 4538 aliquantum
1721 4449 1933 4544 suspenditur,

417 4574 473 4627 aut
494 4552 539 4624 est
561 4549 646 4620 adeo
668 4546 804 4641 exigam,
829 4540 864 4617 dt
889 4566 980 4632 rata,
1003 4563 1041 4616 ut
1063 4541 1200 4616 discerni
1218 4543 1324 4617 oculis
1343 4563 1492 4638 nequeat.

1545 4634 1577 4738 ς.
1601 4637 1936 4724 MMCCCCXCV.

492 4841 553 4920 (a)
574 4837 745 4919 Philosoph.
765 4837 913 4900 Transiit·
933 4836 992 4901 Na.
1014 4854 1080 4916 347.

493 4921 554 5001 (i)
573 4915 689 4984 L'liisi.
706 4916 743 4981 de
764 4915 975 4997 incidunt·
997 4932 1075 4985 auno
1099 4926 1186 4997 irad.

1108 5060 1186 5135 -Rr
1211 5084 1253 5138 tr
1277 5084 1362 5159 rrg
