4992 6767
529 780 531 784 ,
581 686 667 803 694
787 676 873 777 na
910 673 1265 824 consuamus
1302 675 1516 768 rucrrr
1548 672 1902 772 annuamus.

643 883 675 983 ς.
707 875 952 956 MDCXCVI.
988 874 1101 975 Quare
1128 877 1184 950 lux
1206 877 1291 963 diei,
1315 876 1434 947 etiamii
1455 876 1638 964 nebulosae,
1662 878 1775 971 majori
1797 884 1896 973 copia
1921 878 1940 952 i
1964 890 2114 980 corpori.

585 987 650 1057 but
675 982 873 1071 imbibitur,
902 980 995 1050 utin
1020 979 1161 1048 tenebris
1181 976 1257 1070 pius
1277 977 1419 1061 niteant,
1444 978 1591 1065 quamsi
1619 977 1759 1050 flammae
1784 977 1958 1052 luculentae
1980 982 2112 1062 fuissent

585 1081 755 1175 opposita,
780 1077 935 1171 injesiave
959 1073 995 1147 dt
1019 1075 1183 1171 inigniter
1204 1071 1380 1145 calcsaiia?
1404 1072 1482 1143 ‘An
1508 1096 1577 1148 non
1602 1077 1678 1167 quia
1702 1071 1777 1147 Lux
1801 1074 1887 1148 Solis
1901 1078 2016 1153 diurna
2029 1083 2115 1160 deu·

585 1180 652 1253 sror
672 1178 719 1249 est
741 1196 839 1269 quam
859 1172 1030 1265 cujuslibet
1050 1171 1202 1245 terrestris
1224 1169 1388 1241 flamma?
1414 1167 1450 1241 dt
1475 1191 1515 1242 an
1541 1172 1598 1245 lux
1622 1172 1760 1245 flammae
1786 1174 1898 1246 multis
1920 1178 2026 1252 cmffis
2049 1204 2111 1272 pa-

587 1276 657 1358 buli
681 1277 826 1367 partibus
853 1270 1105 1355 adhaerescens,
1137 1272 1245 1340 minus
1274 1267 1394 1339 idonea
1426 1267 1473 1340 eil
1506 1271 1540 1343 in
1569 1291 1746 1363 corporum
1768 1292 1892 1343 meatus
1914 1277 2113 1369 irrependo,

587 1363 686 1465 quarn
710 1372 766 1442 lux
790 1391 871 1461 pura
894 1368 984 1438 dieii
1034 1367 1207 1438 Merentur
1234 1365 1277 1436 de
1305 1364 1527 1439 hit-omnibus
1551 1368 1653 1440 videri
1678 1369 1843 1443 observata
1867 1371 2111 1464 maestqnuffimi

587 1471 756 1554 Beccarii‚
780 1469 834 1538 cui
857 1463 925 1535 fere
945 1466 1055 1537 omnia
1074 1465 1116 1535 de
1140 1462 1343 1555 Phosphoris
1361 1463 1487 1534 derecta
1512 1465 1672 1539 debentur
1696 1467 1717 1561 (
1757 1470 1789 1563 ).

475 1631 481 1646 ·
636 1606 668 1706 ς.
693 1603 957 1678 MDCXCVll.
983 1601 1110 1674 Lucem
1133 1603 1296 1673 imbibunt
1322 1598 1357 1672 dt
1380 1605 1486 1674 nitent
1507 1604 1540 1673 in
1567 1603 1707 1673 tenebris
1723 1604 1872 1694 quedam
1890 1626 2031 1699 corpora
2047 1631 2112 1687 arre

586 1708 680 1802 prius
708 1723 906 1795 praeparator,
931 1704 976 1772 uti
1003 1699 1103 1791 Lapis
1126 1698 1366 1785 Bononiensrs,
1391 1721 1508 1771 omnes
1533 1699 1656 1791 lapides
1680 1700 1853 1789 calcinea,
1879 1703 1943 1774 five
1968 1707 2111 1797 spatha,

589 1806 653 1877 srve
668 1801 859 1894 Speculares
874 1818 1007 1871 notante
1026 1797 1231 1894 Marggrafio
1250 1798 1271 1892 (
1281 1797 1353 1885 b),
1378 1818 1447 1869 tum
1463 1796 1569 1893 gleba
1586 1798 1750 1869 calcariae:
1772 1801 1870 1889 Aqua
1894 1800 2006 1873 Calcis
2028 1807 2107 1880 vivae

587 1900 779 1974 miliacum
804 1898 893 1968 Oieo
916 1894 1068 1980 Vitrioli‚
1094 1894 1269 1981 destillata,
1296 1899 1330 1968 in
1354 1895 1519 1985 crystallus
1544 1895 1689 1981 redasia,
1715 1896 1833 1966 deinde
1858 1900 1892 1967 in
1916 1901 1993 1995 igne
2017 1903 2113 1976 calci·

583 2017 686 2073 nata:
721 2017 837 2068 omncs
862 1994 985 2086 lapides
1013 1994 1101 2084 prius
1123 1995 1157 2062 in
1179 1991 1460 2084 spiritibus-acidis
1490 1991 1583 2062 soluti
1609 1988 1645 2062 dt
1677 1992 1794 2063 deinde
1818 1994 1994 2081 calcinati,
2031 2003 2114 2076 inter

581 2116 676 2187 quos
699 2095 869 2185 primarius
889 2091 935 2161 est
957 2090 1170 2181 Phosphorus
1192 2089 1364 2174 Balduini,
1388 2088 1489 2161 insius
1514 2109 1555 2159 ex
1579 2088 1680 2160 Creta
1706 2087 1880 2181 &Spiritu
1896 2091 1997 2167 Nitri.
2044 2095 2113 2172 Lu·

585 2213 667 2266 rnen
693 2190 809 2261 horum
833 2207 1010 2278 corporum
1036 2209 1104 2258 non
1129 2208 1242 2277 parum
1265 2185 1373 2257 differt
1394 2188 1524 2258 colore:
1551 2184 1639 2257 Nam
1664 2187 1751 2259 albet
1774 2187 1831 2258 iux
1854 2210 1896 2259 ex
1919 2191 2023 2263 Caice
2037 2191 2113 2280 Rp-

584 2283 837 2370 ders‘doriienii,
860 2304 902 2353 er
929 2283 1071 2354 Selenite
1096 2285 1211 2367 rubet,
1236 2281 1311 2353 Lux
1333 2283 1444 2356 Cretae
1469 2279 1505 2353 δι
1530 2284 1667 2373 Spiritus
1690 2287 1763 2356 nitri
1787 2285 1897 2373 albet,
1922 2310 1963 2360 ex
1987 2290 2112 2383 Spatho

582 2384 756 2469 ¹rubescit,
773 2403 815 2453 err
831 2378 1009 2472 Lapidibus
1024 2379 1133 2451 balnei
1150 2378 1298 2450 Carolini
1312 2379 1477 2471 pallescit,
1494 2401 1536 2451 ex
1554 2378 1836 2453 Ollraeodermate
1852 2386 2007 2459 rubescit.
2052 2388 2114 2471 Ex

590 2473 754 2555 marmore
771 2479 867 2560 albo,
897 2474 985 2547 &ex
999 2478 1161 2547 Stalaiiita
1181 2477 1319 2561 candet,
1346 2480 1392 2548 uti
1421 2497 1569 2548 accurate
1592 2478 1771 2551 observavit
1795 2479 2024 2579 Marggrafius.
2077 2488 2113 2560 Si

582 2599 700 2651 autem
720 2595 828 2669 partes
849 2572 1027 2646 liiletallicae
1049 2573 1210 2663 lapidibus
1233 2573 1354 2660 insint,
1390 2595 1458 2644 tum
1487 2572 1611 2664 lapides
1645 2575 1739 2646 soluti
1763 2580 1797 2654 in
1819 2577 1991 2669 Spinribm
2014 2584 2115 2657 acidis

592 2674 629 2749 dt
646 2676 793 2748 calcinati
812 2694 881 2742 non
896 2690 1010 2764 potant
1033 2670 1154 2740 iucem.
1203 2668 1270 2741 Sed
1294 2669 1412 2742 Calces
1437 2673 1644 2761 praecipitata
1668 2694 1729 2765 per
1751 2674 1901 2760 alumen,
1925 2679 2004 2752 dein
2028 2683 2111 2778 igni·

590 2794 635 2846 tae
657 2774 766 2844 lucem
790 2770 916 2841 bibunt.
967 2764 1113 2862 Quando
1137 2786 1246 2839 autem
1270 2766 1341 2839 haec
1364 2789 1504 2857 corpora
1525 2769 1567 2838 rb
1591 2771 1669 2864 igne
1693 2770 1786 2842 valde
1808 2773 1936 2860 calent,
1960 2781 2111 2850 nondum

589 2889 666 2961 apta
688 2867 760 2941 sunt
779 2885 834 2939 aut
857 2863 1049 2936 imbibendo
1074 2864 1220 2950 lumini,
1244 2885 1300 2934 aut
1326 2863 1491 2949 nitendo,
1517 2864 1570 2935 seri
1593 2887 1662 2956 quo
1688 2869 1788 2964 magis
1812 2867 2043 2966 refiigescunt,
2068 2896 2114 2945 eo

589 2966 666 3060 plus
688 2965 818 3037 luminis
834 2981 971 3052 epotant
987 2964 1166 3049 nitentque.
1218 2960 1273 3029 An
1291 2961 1388 3054 igitur
1410 2961 1549 3049 partium
1572 2963 1773 3036 inordinatus
1794 2983 1924 3052 motus,
1947 2967 2115 3042 veinirnia

586 3065 727 3156 agitatio
751 3058 985 3150 qualiscunque
1008 3054 1120 3124 refistit
1139 3053 1316 3144 appellenti
1335 3053 1469 3142 inuritis,
1495 3056 1547 3129 vel
1567 3057 1649 3131 illud
1673 3060 1830 3152 suffocat,
1852 3062 1906 3137 vei
1927 3065 2114 3142 inordinato

592 3175 709 3240 motu,
734 3151 769 3224 dt
794 3172 862 3222 non
885 3152 919 3220 in
941 3152 1036 3219 resiis
1058 3148 1152 3220 lineis
1174 3149 1331 3240 expellit?

641 3288 674 3386 ς.
699 3283 976 3360 MDCXCVllI.
1002 3285 1125 3360 Omnia
1146 3310 1304 3381 corpora,
1329 3311 1403 3383 quae
1429 3291 1535 3365 lucem
1556 3296 1696 3384 bibunt,
1722 3293 1759 3370 dt
1782 3301 1817 3370 in
1834 3300 1976 3373 tenebris
1990 3304 2112 3388 nitent,
2168 3271 2171 3276 Ι

588 3388 727 3484 jacentia
761 3387 795 3455 in
823 3381 951 3453 clariori
987 3383 1135 3471 lumine,
1170 3387 1282 3478 postes
1307 3388 1456 3461 illustrius
1478 3395 1593 3465 nitent.
1642 3395 1691 3468 Ut
1715 3418 1794 3468 vero
1819 3400 1971 3486 niteant,
2003 3399 2113 3472 sufficit

592 3481 751 3559 nonnulla
775 3500 898 3551 tantum
923 3498 1073 3571 tempore
1098 3483 1222 3554 dimidii
1240 3488 1358 3557 minuti
1381 3487 1512 3559 secundi
1536 3512 1702 3580 exponere
1728 3494 1811 3565 luci:
1836 3495 1898 3567 alia
1920 3496 2114 3588 parumion·

554 3662 559 3676 ,
591 3584 667 3680 gius
690 3600 820 3669 tempus
846 3598 1020 3667 expetunt:
1045 3578 1099 3648 sed
1127 3580 1190 3650 srve
1213 3603 1355 3672 quatuor
1374 3604 1429 3655 aut
1453 3589 1601 3681 quinque
1626 3592 1758 3664 minutis
1774 3590 1937 3681 secundis,
1963 3594 2027 3668 five
2041 3593 2110 3687 piu·

589 3681 683 3754 ribus
705 3681 739 3749 irr
761 3674 840 3748 Sole
859 3673 1041 3766 jacuerint,
1066 3676 1221 3771 majorem
1241 3683 1381 3753 nitorem
1404 3705 1473 3756 uon
1497 3688 1705 3761 contrahunt.

649 3803 682 3901 ς.
714 3798 960 3874 MDCXCIX.
993 3796 1122 3871 Lumen
1146 3824 1282 3895 epotum
1307 3808 1340 3875 in
1367 3806 1477 3877 multis
1510 3815 1704 3900 corporibus
1729 3814 1832 3884 modo
1856 3818 1944 3889 brevi
1968 3833 2116 3909 ternpore

591 3914 705 3978 manet
728 3897 960 3987 conspicuum,
987 3898 1020 3967 in
1045 3898 1206 3988 aliquibus
1229 3902 1284 3970 vix
1309 3899 1390 3970 ultra
1412 3900 1481 3970 duo
1506 3902 1639 3975 Minuta
1664 3908 1824 3990 secunda,
1849 3915 1882 3981 in
1908 3914 1977 3982 aliis
1994 3914 2116 4004 septeni

591 3999 648 4075 vel
670 4001 748 4070 osio
765 3993 910 4066 secundis
932 3993 1069 4087 perstat,
1095 3997 1128 4066 in
1153 3994 1318 4069 nonnullis
1340 3995 1562 4071 adamantibus
1583 3999 1685 4097 fulget
1709 4022 1849 4093 quatuor
1872 4004 1977 4075 horis:
2002 4007 2118 4082 Lumi-
2169 4063 2173 4070 .

595 4120 640 4173 ne
664 4094 812 4168 avolante
835 4114 975 4184 corpora
999 4090 1081 4163 fiunt
1102 4095 1263 4177 obscura,
1294 4115 1367 4183 quae
1389 4092 1503 4165 lumini
1527 4096 1638 4168 denuo
1663 4099 1807 4193 expofita
1830 4101 1865 4172 id
1889 4102 2043 4185 sorbent,
2070 4107 2116 4178 ni·

581 4215 731 4286 temque
757 4211 793 4263 ut
815 4210 906 4263 anter
939 4189 1030 4261 Nam
1054 4211 1195 4282 corpora
1219 4191 1401 4278 aaronis,
1426 4213 1500 4284 que
1522 4191 1716 4288 Phosphoro
1738 4198 1831 4287 sunt,
1854 4199 1993 4271 eandem
2017 4200 2142 4284 facul

587 4314 693 4368 tatem
717 4290 843 4380 semper
866 4286 999 4357 servant.

644 4409 807 4485 MDCC.
832 4407 1000 4503 Quoniam
1028 4410 1126 4503 igitur
1145 4410 1257 4481 lumen
1281 4429 1301 4479 a
1325 4410 1518 4501 corporibus
1544 4432 1693 4506 patariam
1717 4415 1914 4511 aliquamdiu
1937 4413 2039 4499 inest,
2064 4433 2118 4510 μ.

596 4532 643 4582 tet
665 4509 775 4582 lumen
798 4528 866 4577 non
889 4508 988 4578 unico
1010 4507 1136 4595 impetu
1154 4529 1195 4578 ex
1213 4509 1408 4598 corporibus
1427 4509 1577 4598 evolare,
1602 4517 1649 4584 uti
1674 4537 1715 4587 ert
1739 4516 1817 4588 foco
1839 4513 1962 4606 speculi
1987 4511 2117 4597 usioni,

591 4605 651 4677 sed
671 4603 817 4689 irretiri,
841 4603 1035 4697 corporibus
1054 4604 1295 4689 subcrescere,
1320 4600 1356 4676 dt
1381 4625 1504 4680 tanturn
1525 4605 1694 4687 iirecellive
1718 4614 1859 4713 egredi,
1883 4613 1919 4685 in
1943 4631 2012 4706 quo
2037 4631 2115 4722 corr·

2033 4722 2120 4800 venii

667 4906 727 4987 (ι)
747 4908 943 4971 Commenttr.
960 4909 1075 4971 Boron.
1096 4908 1167 4974 voi.
1181 4931 1211 4975 2.
1231 4914 1322 4976 Toni.
1338 4911 1367 4977 a:
1385 4928 1454 4993 pag.
1468 4915 1536 4991 1543·

627 5020 629 5023 .
668 4985 731 5070 (ii
747 4986 965 5055 L'liiiioire'dc
982 4989 1097 5056 l’hcrd.
1112 4991 1150 5055 dc
1162 4992 1274 5058 Berlin.
1294 4994 1352 5059 Aa,
1367 5005 1455 5072 11⁵0·
1472 5010 1540 5075 με,
1557 4989 1626 5079 ,¹447
