4992 6767
550 658 636 762 ⁸36
943 631 1676 754 munuum·

551 843 807 936 Bartscopiurn,
829 834 884 908 vel
908 832 1154 918 Berometrum,
1179 832 1332 923 quoniam
1356 826 1402 899 eii
1424 826 1511 920 qmii
1532 826 1680 900 menbra
1705 828 1860 920 ponder'm
1882 835 2076 934 atmnsphae·

553 968 598 1017 1oe
617 941 725 1012 circe
746 939 781 1008 in
804 931 881 1006 dato
915 929 1004 1003 loco.
1065 929 1132 1002 Hic
1155 932 1252 1002 tubus
1284 947 1352 998 non
1382 926 1500 1021 exigua
1525 927 1618 996 causa
1641 947 1803 1017 promote
1829 929 1938 1024 elapso
1961 936 2077 1013 seculo

551 1038 699 1128 Pbyficae
723 1033 796 1105 fuit:
826 1031 981 1122 quoniam
1004 1031 1086 1098 inter
1113 1026 1291 1118 supremam
1315 1019 1473 1094 fornicem
1497 1026 1585 1108 tubi,
1622 1025 1751 1120 triginta
1771 1025 1909 1116 pollicet
1927 1031 2078 1132 lungitu.

555 1139 632 1209 dine
660 1131 876 1210 excedentis,
912 1120 948 1195 dt
970 1126 1052 1194 inter
1077 1121 1280 1193 Mercurium
1310 1117 1502 1210 plerumque
1525 1119 1568 1190 nd
1592 1139 1650 1210 29.
1683 1120 1754 1211 pol.
1779 1121 1977 1216 suspensum,
2001 1131 2076 1224 spa·

556 1237 638 1306 tium
665 1231 743 1300 aere
759 1222 898 1296 crailtori
919 1241 1056 1291 vacuum
1078 1219 1145 1302 eii,
1170 1214 1362 1306 explorandi
1376 1214 1535 1288 desiderio
1555 1215 1973 1314 agebantut'Philosopbi,¹
1989 1230 2072 1321 quid

555 1328 749 1420 corporibus
775 1325 807 1392 in
832 1320 897 1388 hoc
920 1337 1023 1386 vacuo
1046 1315 1158 1406 pofitis
1181 1312 1407 1407 contingeret?
1433 1313 1618 1384 admirande
1636 1315 1671 1383 in
1687 1334 1730 1382 eo
1752 1314 1917 1392 obseruate
1938 1324 2075 1414 phano·

557 1446 675 1508 menn,
701 1419 755 1489 scd
778 1419 892 1510 ingens
913 1410 1083 1483 difficultas
1106 1410 1219 1481 locum
1241 1407 1385 1500 amplum
1408 1430 1545 1481 vacuum
1567 1408 1633 1480 hoc
1658 1409 1762 1481 modo
1787 1410 1953 1504 feciendi,
1977 1425 2077 1518 ofigi.

552 1505 636 1595 ¹rtem
658 1516 748 1590 alteri
770 1509 950 1595 machinae,
975 1507 1096 1579 Antliae
1118 1509 1351 1599 pneumatice,
1377 1504 1558 1592 dederunt;
1583 1525 1648 1600 que
1674 1506 1780 1580 multo
1803 1507 1929 1586 facilius
1942 1516 2078 1593 a'e'rex

558 1619 810 1708 quibuscunque
834 1605 932 1693 vafis,
956 1604 1063 1697 parvis
1083 1603 1260 1694 emplisve,
1284 1601 1401 1672 hauriri
1423 1601 1541 1694 potest.

609 1744 643 1834 §.
669 1739 901 1814 MMLXVII.
926 1735 1084 1828 Suspendi
1107 1759 1186 1809 vero
1210 1738 1414 1811 Mercurium
1435 1740 1468 1810 in
1491 1735 1593 1810 Tubu
1609 1723 1847 1817 Torricellitno
1868 1746 1887 1818 d
1909 1751 2080 1842 pondere,

561 1841 615 1916 vel
637 1839 743 1932 pteiiu
763 1835 984 1927 etmosphaerae
1011 1835 1180 1925 probatum
1206 1839 1284 1926 quia
1308 1837 1331 1907 ii
1359 1837 1455 1905 tubus
1477 1831 1650 1907 Mercurio
1669 1839 1841 1931 impletus,
1866 1865 2014 1937 apertura
2030 1851 2085 1921 in.

560 1938 672 2009 feriori
697 1937 819 2006 steterit
840 1935 874 2005 in
898 1930 1054 2017 vasculo,
1080 1926 1282 2028 &longiori
1308 1931 1476 2022 recipienti
1500 1930 1703 2019 includatur,
1727 1957 1783 2008 uut
1804 1939 1996 2038 obtegetur3
2021 1946 2085 2018 aii·

424 2113 431 2127 .
560 2056 598 2107 re
619 2055 661 2114 ex
682 2035 862 2124 recipiente
886 2030 1029 2100 extrario
1059 2026 1246 2101 Mercurius
1269 2033 1303 2103 in
1333 2031 1414 2100 tubo
1436 2026 1600 2100 destendit
1631 2027 1794 2123 effluitque
1808 2067 1831 2121 ,·
1852 2037 1930 2110 a'e're
1957 2042 2083 2115 iterum

563 2129 722 2215 admiiio,
748 2132 892 2219 priorem
915 2125 1118 2195 altitudinem
1141 2144 1321 2214 recuperat.
1371 2122 1479 2194 Datur
1497 2142 1604 2195 tamen
1627 2129 1796 2218 exceptio,
1811 2134 1955 2221 ‘qutndo
1977 2142 2086 2210 tubus

561 2231 682 2302 vitreus
703 2227 809 2316 probe
831 2218 1019 2292 intrinsecus
1044 2220 1135 2290 tritus
1162 2217 1197 2290 dt
1220 2221 1364 2318 politus,
1389 2216 1425 2292 dt
1449 2218 1505 2290 diu
1528 2220 1676 2293 tlcohole
1694 2221 1805 2311 lottu,
1830 2228 1949 2302 deinde
1972 2233 2084 2305 ficca-

560 2313 636 2416 tus‚
661 2320 806 2405 calidus,
829 2313 1057 2389 accuratiilime
1079 2313 1236 2387 bulliente
1259 2315 1452 2403 Mercurio,
1484 2317 1609 2390 mundo
1632 2313 1674 2400 δι,
1688 2323 1795 2392 omnia
1813 2322 1898 2395 a'e'ris
1920 2347 2084 2418 experte,

558 2413 621 2514 pet
644 2414 885 2492 infundibulum
908 2417 942 2482 in
967 2412 1081 2481 tubum
1104 2412 1288 2503 capillarem
1308 2412 1455 2486 delirent
1478 2412 1539 2487 fuit
1559 2416 1741 2507 implerunt
1774 2414 1810 2490 dt
1833 2421 2005 2512 postquam
2031 2449 2084 2498 re·

561 2515 705 2608 frixerit,
730 2514 854 2604 absque
868 2509 933 2582 ulla
947 2506 1152 2581 coucuiitone
1174 2508 1439 2596 imminuerint,
1464 2513 1654 2605 erectusque
1671 2513 1875 2604 exploratura
1902 2537 1971 2591 tum
1988 2525 2082 2597 euim

561 2607 606 2685 'ex
632 2633 674 2683 eo
697 2613 776 2683 licet
800 2628 860 2702 70.
884 2605 1021 2698 pollices
1045 2604 1171 2702 longo,
1195 2605 1338 2680 &stanti
1355 2609 1390 2680 in
1410 2608 1562 2695 vasculo,
1588 2608 1667 2694 niiril
1687 2607 1846 2686 Mercurii
1865 2611 1986 2702 effluit,
2010 2621 2083 2694 imo

562 2731 627 2784 uec
651 2709 715 2782 five
738 2706 795 2779 sub
819 2704 895 2792 dio,
920 2702 983 2775 five
1008 2705 1042 2772 in
1066 2725 1170 2774 vacuo
1194 2706 1343 2786 steterit,
1376 2703 1430 2773 sed
1463 2723 1550 2773 totus
1577 2724 1685 2774 manet
1709 2705 1853 2795 plenus,
1885 2714 1930 2780 uti
1956 2716 2083 2804 primus

563 2806 743 2878 'observavit
777 2800 950 2898 Hugenius
977 2799 1058 2893 (a).
1107 2797 1230 2872 Ereiio
1255 2797 1321 2890 jam
1346 2800 1455 2887 tubo,
1488 2797 1543 2870 sed
1569 2797 1751 2889 concello,
1788 2803 1909 2878 decidit
1931 2809 2080 2886 celeriter

563 2899 754 2976 Mercurius
780 2901 821 2971 ad
842 2918 954 2990 parem
979 2918 1017 2963 ac
1039 2899 1072 2962 in
1094 2895 1286 2966 Burometro
1310 2895 1433 2990 vulgari
1455 2894 1669 2969 altitudinem.

614 2999 730 3090 Aliqui
752 3017 794 3065 ex
819 2993 885 3062 hoc
907 2988 1107 3084 Hugeniano
1128 2993 1352 3082 experimento
1376 2994 1409 3061 in
1430 3011 1541 3063 natura
1569 3014 1676 3067 rerum
1703 2996 1857 3074 aetheretu
1880 2999 1966 3092 eise,
1989 3003 2078 3098 ejus

565 3115 633 3190 que
657 3094 845 3188 graviorem
867 3083 1097 3180 collegerunt:
1129 3108 1306 3159 remman
1336 3087 1435 3161 aether
1458 3111 1525 3161 non
1555 3089 1707 3167 Facillime
1735 3093 1819 3168 Vitri
1854 3120 1956 3192 poros
1978 3121 2086 3178 trans·¹

565 3193 670 3273 fluit,
704 3207 789 3277 quos
812 3200 957 3275 permeat
985 3181 1103 3276 Ignis,
1139 3182 1241 3272 Lux,
1273 3184 1426 3257 Fluidum
1449 3186 1662 3275 eleiiricum,
1695 3184 1732 3262 dt
1752 3191 1814 3264 alia
1834 3195 1954 3270 aethere
1976 3199 2085 3276 multo

565 3281 737 3360 cmilrnm?
761 3303 820 3355 cur
844 3279 945 3351 ether
964 3296 1088 3367 poros,
1113 3284 1169 3370 qui
1193 3279 1320 3353 suntin
1345 3281 1495 3372 supremo
1519 3282 1645 3355 fornice
1668 3289 1766 3375 tubi„
1783 3310 1855 3364 nott
1875 3292 1983 3368 influit
2004 3319 2085 3390 per-

565 3379 742 3472 meatquei
766 3375 802 3450 dt
828 3376 1052 3458 Mercurium,
1079 3376 1270 3467 implentem
1295 3377 1523 3450 accuratiffime
1544 3398 1649 3453 totum
1674 3386 1814 3480 tubum,
1835 3389 1981 3474 dentium
2008 3416 2084 3470 non

566 3481 706 3576 premit:
732 3475 812 3568 quid
832 3471 945 3545 aetheri
965 3469 1134 3545 introitum
1158 3475 1307 3547 molienti
1335 3475 1465 3558 resiliit,
1491 3476 1570 3568 quid
1591 3479 1704 3549 arceri
1736 3479 1924 3561 Mercurius
1943 3493 2085 3566 nonest

566 3578 675 3674 plenae
697 3572 880 3657 deniitatis,
906 3590 968 3641 nec
991 3590 1148 3661 poromm
1173 3593 1317 3663 expers,
1342 3593 1405 3643 nec
1426 3574 1498 3644 vitri
1520 3594 1623 3664 potos
1646 3579 1777 3666 penitus
1801 3582 1960 3658 obstruit:
1992 3583 2029 3660 ὰ
2062 3591 2088 3664 fi

566 3673 777 3761 obstrueret,
810 3669 912 3742 ather
932 3688 1035 3758 poros
1058 3670 1092 3737 itt
1107 3668 1239 3780 iomice
1267 3671 1337 3740 tubi
1360 3688 1464 3760 usque
1487 3669 1529 3740 ad
1552 3665 1756 3745 Mercurium
1784 3679 1967 3777 ingreisus,
1998 3685 2091 3762 bunc

568 3761 1905 3961 dissimillimi:il.irrdmlrliidiiililllt‘f‘nibli
1923 3785 2090 3964 idid

570 3956 729 4035 concuiio
752 3961 849 4030 tubo:
877 3975 945 4027 tum
968 3956 1056 4025 enim
1080 3955 1266 4027 Mercurius
1292 3957 1311 4027 l
1339 3957 1492 4030 lateribus
1516 3961 1588 4033 vitri
1610 3967 1792 4056 excutitur,
1813 3969 1998 4068 repellimur,
2021 3980 2091 4064 inr-

568 4057 729 4133 mediatur
752 4055 920 4129 conradus
946 4049 1095 4143 tollitur,
1127 4057 1172 4124 ita
1199 4055 1316 4126 vitrum
1349 4058 1383 4127 in
1412 4055 1579 4129 distantem
1603 4055 1805 4136 Merctuium
1827 4069 1934 4143 minus
1963 4091 2089 4166 opera.

569 4175 647 4243 tur,
680 4157 736 4247 qui
757 4153 823 4247 jem
848 4152 954 4233 liber,
986 4150 1136 4239 pondere
1159 4151 1304 4223 decidit:
1338 4151 1414 4225 ideo
1436 4150 1502 4226 hoc
1536 4158 1795 4249 experimentum
1817 4163 1859 4239 eb
1884 4165 1948 4242 alit
1969 4167 2090 4264 etii,

570 4271 669 4349 quum
692 4254 735 4323 nb
755 4250 875 4323 aethere
898 4244 1007 4336 ejusve
1028 4247 1136 4338 preiiu
1160 4249 1301 4340 pendeat
1320 4249 1447 4324 necess‘e
1471 4252 1527 4323 est.
1946 4321 1952 4336 ,

621 4350 764 4445 Quantis
794 4365 903 4418 autem
927 4341 1047 4416 viribus
1075 4367 1245 4439 corpora,
1277 4370 1350 4438 quae
1381 4348 1452 4420 lutis
1473 4347 1700 4442 superficiebus
1725 4377 1874 4434 accurate
1896 4361 1928 4436 ie
1955 4359 2088 4441 contin·

570 4466 675 4543 gunt,
700 4450 736 4516 itt
760 4444 792 4514 se
817 4459 934 4512 mutuo
968 4460 1144 4532 operantur
1165 4442 1349 4518 uehementi
1376 4449 1587 4537 ermenone,
1614 4443 1651 4521 dt
1672 4447 1928 4546 multominus,
1946 4457 2089 4556 qnando

571 4542 685 4633 aliquo
707 4536 814 4611 abeile
835 4555 1007 4628 ceperunt
1030 4540 1219 4628 intervallo,
1241 4546 1382 4618 vidimus
1402 4546 1436 4617 in
1452 4541 1537 4638 Cep.
1559 4546 1602 4619 de
1615 4547 1807 4625 littera&
1831 4555 1874 4628 de
1898 4557 2091 4636 coherent.

569 4637 720 4732 corpor.
745 4655 866 4730 quanta
886 4635 922 4707 fit
943 4631 1103 4713 Mercurii
1124 4639 1167 4718 cd
1188 4642 1308 4716 vitrum
1331 4643 1603 4757 adhererem&
1625 4647 1739 4748 colligi
1756 4651 1867 4747 puleii
1887 4675 1929 4732 cx
1952 4653 2095 4752 specui‘u

577 4795 599 4810 -.
1986 4756 2095 4833 urreis

652 4910 713 5002 (t)
731 4913 922 5004 inurunt
942 4915 1067 4992 sntrttt
1085 4918 1140 5004 Δο,
1161 4924 1249 5002 xtra·
1267 4934 1427 5008 uantur,
1455 4958 1457 4962 ·
1500 4937 1516 4994 .·
1550 4948 1569 4960 ·-
1594 4997 1599 5008 ,
1626 4955 1630 4972 ·
1656 4933 1661 4989 ε
1690 4927 1697 4940 ’
1735 4959 1737 4964 -
1768 4945 1772 4968 ¹
1811 4929 1814 4986 ζ
1900 4963 1904 4978 ,
1930 4921 1975 5000 ,ζ
2008 4981 2014 4992 .
