4992 6767
796 671 934 761 un
1071 670 1398 768 tons.
1777 616 2004 825 Μ’

338 882 524 977 ponebatur
544 867 749 955 columellis,
772 888 810 941 ιιι
833 888 853 938 a
874 869 982 941 tabula
1005 889 1106 942 unum
1128 872 1283 964 pollicem
1309 874 1463 967 distaret,
1487 889 1627 962 extindla
1652 894 1862 984 nihilominus

341 980 405 1052 fuit
426 973 571 1051 candela:
596 969 711 1040 ardere
734 965 837 1038 modo
856 969 992 1058 perllitit
1016 969 1091 1040 licet
1114 970 1277 1042 tristissima
1296 971 1451 1068 flamma,
1475 985 1657 1063 columellis
1669 1016 1862 1092 campanam

342 1080 377 1149 in
398 1070 562 1146 intervallo
595 1066 651 1140 16.
673 1065 830 1137 linearum
854 1085 874 1134 a
899 1065 1007 1136 tabula
1032 1065 1266 1140 sustinentibus.
1853 1085 1855 1091 ’

384 1172 418 1244 Si
439 1166 575 1241 candela
599 1165 752 1249 sebacet,
777 1183 819 1232 ex
842 1183 880 1231 ea
903 1161 1009 1253 specie
1036 1185 1170 1253 quarum
1195 1168 1273 1237 osto
1297 1167 1369 1242 sunt
1387 1178 1483 1250 unius
1506 1185 1641 1274 pondo,
1666 1212 1806 1282 ponatur
1820 1204 1857 1277 in

338 1269 418 1341 tubo
441 1266 550 1337 ferreo
576 1260 782 1353 cylindrico,
806 1262 862 1351 qui
887 1259 966 1330 insta
993 1259 1144 1347 clausus,
1171 1261 1306 1353 superne
1327 1270 1373 1339 est
1396 1294 1548 1365 apertus,
1583 1282 1635 1355 sex
1659 1292 1759 1379 pedes
1784 1295 1858 1372 lon.

381 1388 427 1456 s,
462 1361 499 1433 δι
528 1360 674 1431 diametri
698 1361 795 1429 unius
819 1355 977 1450 pollicis,
1013 1357 1140 1430 haccin
1172 1358 1275 1431 fundo
1300 1369 1369 1435 tubi
1394 1373 1509 1446 ardens
1534 1382 1622 1452 brevi
1648 1392 1856 1489 extinguitum

330 1386 454 1536 &lubus
483 1458 605 1531 ferreus
635 1455 805 1545 catapultae
843 1456 1004 1545 utrimque
1033 1477 1162 1545 apertus
1191 1460 1334 1532 mittatur
1359 1487 1419 1556 per
1442 1492 1480 1539 os
1505 1474 1647 1565 superius
1673 1492 1856 1580 recipientia

334 1562 446 1655 magni
470 1556 647 1646 B0yleani,
670 1550 738 1623 sere
760 1572 863 1644 usque
886 1552 927 1620 ad
949 1552 1068 1624 Antliae
1089 1553 1307 1628 Pneumaticae
1332 1564 1501 1655 tabulam,
1526 1572 1582 1643 sub
1607 1583 1781 1672 recipiente
1805 1612 1855 1662 ar·

336 1657 412 1727 deat
437 1654 600 1739 candela,
626 1652 694 1722 Aet
713 1650 830 1721 leniter
851 1669 892 1719 ex
914 1653 1090 1741 recipiente
1113 1652 1281 1737 trahatur,
1308 1675 1376 1729 tum
1402 1684 1507 1736 novus
1531 1691 1589 1759 per
1613 1678 1757 1752 canalem
1782 1707 1856 1775 per·-

333 1772 436 1844 petuo
460 1754 585 1837 intrat,
610 1772 652 1822 ne
677 1748 730 1817 bic
753 1749 854 1818 trirnio
878 1749 1003 1836 impetu
1026 1747 1175 1831 influat,
1208 1748 1243 1818 δι
1269 1749 1435 1830 flammam
1462 1762 1576 1851 elller,
1609 1777 1658 1843 ori
1683 1781 1854 1873 catapultae

332 1853 544 1940 imponantur
568 1850 627 1917 tria
653 1845 706 1914 sila
733 1864 890 1942 cotonea,
915 1844 1126 1915 nihilominus
1149 1846 1281 1917 flamma
1306 1854 1339 1921 in
1364 1862 1476 1945 paucis
1501 1866 1633 1939 minutis
1648 1877 1854 1970 extinguetur

333 1945 523 2016 observante
552 1943 638 2015 Rev.
666 1940 796 2011 Halelio
827 1940 919 2034 (a).
978 1938 1058 2010 ldeo
1091 1944 1301 2014 ut'candelae
1331 1947 1366 2019 dc
1401 1954 1565 2046 lampades
1590 1967 1623 2034 in
1649 1966 1779 2042 laternis
1803 1997 1853 2047 ar·

331 2042 450 2125 deant,
477 2041 600 2112 necesse
624 2038 670 2111 est
695 2059 729 2108 ut
752 2040 820 2108 Aer
845 2057 935 2128 parte
958 2035 1100 2108 inferiori
1125 2061 1184 2129 per
1206 2042 1350 2129 patulum
1376 2048 1521 2126 foramen
1548 2058 1695 2155 ingredi,
1722 2064 1756 2138 δι
1776 2093 1850 2161 par·

330 2160 364 2209 te
393 2138 545 2229 superiori
572 2139 682 2207 fumus
712 2156 752 2205 ex
782 2135 847 2206 alio
881 2135 1037 2206 foramine
1059 2137 1109 2208 vel
1135 2136 1281 2226 pluribus
1306 2146 1418 2239 egredi
1439 2150 1558 2238 poffit:
1592 2160 1718 2232 necesse
1743 2168 1788 2237 est
1813 2188 1850 2239 ut

327 2233 473 2306 foramen
498 2233 641 2326 superius
664 2228 699 2301 ἃ
723 2232 853 2303 inferius
875 2234 915 2303 ad
939 2235 1107 2302 minimum
1137 2234 1174 2302 srt
1201 2255 1258 2303 20.
1283 2238 1340 2308 lin.
1373 2247 1485 2331 quatlr.
1519 2252 1678 2341 pollicis,
1712 2282 1747 2331 ut
1771 2285 1849 2335 can·

326 2330 397 2402 dela
424 2330 535 2404 ardere
560 2351 706 2423 pergat,¹
720 2349 877 2418 aperturae
906 2329 1081 2416 ampliores
1107 2328 1177 2397 sunt
1200 2331 1464 2417 praestantiones:
1490 2344 1524 2413 Si
1549 2369 1656 2421 autem
1682 2355 1742 2425 sint
1765 2362 1850 2430 adeo

327 2428 490 2524 angusta,
517 2447 553 2497 ut
577 2429 683 2496 ambae
710 2424 813 2492 modo
836 2422 896 2491 smt
920 2422 974 2493 sex
997 2422 1111 2494 linear.
1132 2427 1245 2518 quadr.
1271 2432 1405 2505 candela
1429 2443 1626 2537 extinguitur
1650 2453 1696 2520 uti
1721 2456 1754 2527 in
1778 2455 1850 2529 vase

308 2518 446 2596 clauso.

375 2657 408 2753 ς.
433 2655 644 2727 lllDCLXl.
677 2656 798 2727 Omnia
826 2660 1047 2748 experimenta
1071 2656 1269 2754 a§.1655.
1294 2666 1335 2734 ad
1359 2667 1512 2764 §.1659.
1537 2675 1622 2749 fana.
1644 2683 1715 2756 sant
1738 2690 1770 2758 in
1791 2711 1848 2781 pa·
1908 2675 1915 2687 ’

327 2754 409 2824 bulo
432 2758 516 2849 ignis
540 2754 692 2846 simplici:
717 2754 771 2852 sed
789 2755 911 2827 reliana
931 2750 964 2823 dt
988 2752 1101 2824 eadem
1128 2752 1162 2824 δι
1187 2761 1246 2827 alia
1271 2769 1454 2857 peragenda
1479 2775 1511 2840 in
1537 2778 1662 2861 pabulis
1686 2790 1867 2873 compos·

327 2852 384 2919 tis:
416 2851 494 2918 ideo
519 2849 691 2939 quodlibet
712 2852 867 2939 pabulum
892 2871 932 2918 ex
957 2870 1061 2941 regno
1083 2852 1227 2924 Anlnrali
1251 2860 1453 2930 miscendum
1479 2868 1523 2935 est
1548 2890 1622 2940 cum
1649 2896 1848 2968 quocunque

322 2944 389 3015 alio
412 2944 557 3035 ejusdem
581 2949 703 3040 regni,
730 2966 895 3015 tumeam
920 2945 1076 3035 quolibet
1091 2950 1214 3036 pabulo
1238 2950 1351 3046 Regni
1378 2955 1603 3052 vegetabilis,
1628 2967 1746 3042 deinde
1765 2997 1850 3047 cum

323 3040 472 3132 quolibet
495 3039 618 3134 pabulo
651 3041 762 3137 Regni
787 3042 815 3113 F
817 3041 931 3111 offilis:
967 3061 1036 3111 tum
1061 3039 1096 3111 dt
1125 3046 1297 3134 quodlibet
1321 3053 1475 3141 pabulum
1500 3064 1681 3153 vegetabile
1706 3072 1845 3143 miscen-

324 3140 401 3209 dunr
421 3160 497 3209 cum
518 3139 582 3207 alio
609 3143 698 3234 regni
722 3138 930 3235 vegetabilis,
956 3137 1075 3208 deinde
1090 3144 1188 3224 etiam
1214 3164 1290 3213 cum
1316 3150 1400 3240 ignis
1424 3152 1546 3238 pabulo
1572 3158 1604 3227 in
1630 3159 1755 3257 Regno
1774 3166 1842 3239 sos-

321 3233 387 3306 sili:
411 3239 454 3305 ita
477 3234 631 3326 pabulum
655 3236 826 3326 quodlibet
849 3257 890 3305 ex
913 3233 1036 3329 Regno
1062 3234 1155 3306 sollili
1180 3262 1256 3309 cum
1282 3242 1348 3312 alio
1373 3265 1574 3339 quocunque
1597 3251 1701 3329 follili.
1793 3311 1797 3318 ·

369 3332 520 3403 Tandem
552 3334 716 3403 miscenda
738 3333 810 3404 sunt
833 3337 890 3402 tria
913 3332 1032 3422 pabula
1065 3334 1148 3403 inter
1173 3336 1229 3405 se:
1263 3361 1337 3429 quae
1370 3344 1544 3415 innumeris
1575 3354 1685 3423 variari
1710 3359 1843 3447 possunt
1951 3373 1954 3381 '

320 3430 456 3514 modis,
489 3428 525 3499 bt
549 3448 590 3497 ex
610 3431 729 3519 triplici
748 3431 897 3517 depromi
915 3449 1042 3522 regno:
1077 3430 1141 3498 hoc
1165 3434 1267 3504 modo
1293 3439 1409 3531 ingens
1433 3445 1574 3529 aperitur
1598 3456 1840 3539 experimento

320 3550 393 3598 rum
420 3547 578 3616 campus,
602 3528 659 3613 qui
681 3525 828 3595 insertilis
852 3546 920 3593 non
942 3526 1025 3605 erit;
1050 3519 1084 3592 δι
1108 3529 1141 3594 in
1165 3549 1233 3617 quo
1255 3535 1311 3618 qui
1338 3536 1520 3626 vagabitur,
1545 3561 1617 3612 non
1638 3553 1744 3636 potest
1770 3578 1839 3629 non

319 3623 460 3715 plurima
480 3641 591 3690 eruere
617 3641 704 3689 nova
724 3620 865 3690 inaudita
886 3616 921 3687 dt
944 3620 1157 3707 inexspestata
1181 3622 1421 3711 phaenomena:
1454 3632 1502 3699 Sit
1525 3656 1590 3724 pro
1611 3648 1763 3735 exemplo
1784 3673 1840 3723 au·

319 3741 394 3790 rum
416 3717 612 3800 fulminans,
638 3735 693 3785 aut
707 3714 774 3785 sere
790 3714 951 3784 metallum
969 3716 1190 3805 quodcunque
1215 3718 1307 3788 finili
1333 3724 1434 3793 modo
1458 3750 1635 3821 paratum,
1657 3761 1712 3811 aut
1735 3747 1841 3833 pulvis

318 3818 458 3906 pyritis,
485 3815 543 3902 qui
565 3834 605 3881 ex
627 3814 727 3882 tribus
750 3814 958 3900 componitur
975 3811 1123 3899 pabulis,
1148 3835 1288 3902 quorum
1312 3821 1410 3889 carbo
1436 3824 1482 3893 est
1507 3848 1547 3896 ex
1562 3828 1687 3926 Regno
1711 3861 1840 3934 vegeta

319 3910 399 3993 bili,
425 3910 568 3998 Sulpbur
589 3907 624 3977 dt
645 3907 775 3978 Ninum
798 3928 838 3976 ex
860 3904 983 4001 Regno
1005 3904 1118 3991 sollili3
1142 3911 1331 3983 incendium
1356 3917 1527 4010 cujuslibet
1552 3925 1702 4018 smrplicis
1725 3940 1837 4028 pabuli

317 4006 549 4087 vehementer,
570 4004 678 4075 differt
699 4004 741 4074 ab
769 4002 923 4074 incendio
944 4003 1054 4092 pabuli
1076 4008 1272 4095 composti:
1299 4012 1410 4083 Simile
1434 4020 1512 4108 quid
1538 4030 1678 4097 occurrit
1702 4034 1735 4103 in
1761 4038 1837 4127 pul·

317 4125 392 4175 vere
414 4121 575 4184 tonante,
601 4103 658 4193 qui
682 4100 855 4171 conficitur
872 4121 918 4200 'ex
944 4098 1134 4189 Sulphure,
1167 4101 1297 4188 Nino,
1325 4106 1358 4176 dt
1385 4110 1457 4182 Sale
1483 4114 1628 4203 Turtam
1654 4126 1759 4213 pulvis
1782 4132 1836 4202 hic

314 4199 421 4289 iacens
455 4203 487 4268 in
516 4204 623 4269 catino
655 4198 821 4268 metallico
851 4200 918 4291 igni
947 4199 1161 4285 imponatur,
1196 4221 1275 4271 cum
1305 4207 1437 4277 terribili
1460 4214 1588 4301 crepitu
1613 4217 1835 4307 displodeturt

315 4293 364 4366 Ita
386 4316 473 4387 patet
497 4295 715 4367 inexhaustam
737 4294 800 4365 esse
823 4293 1001 4383 Physicam·
1548 4324 1555 4342 ⁴

364 4433 395 4531 5.
423 4431 646 4504 chinl.
672 4433 725 4503 Ex
747 4434 890 4525 superius
914 4434 1036 4505 traditis
1058 4436 1237 4532 intelligere
1262 4440 1447 4529 caepimus,
1481 4464 1580 4535 quare
1604 4411 1687 4544 ignis
1713 4450 1833 4527 tulna»

312 4534 379 4603 rius
402 4553 469 4600 non
492 4551 556 4599 tani
581 4532 653 4600 laete
677 4552 825 4621 tempore
848 4529 954 4600 calido
982 4528 1218 4620 &aestuante,
1246 4556 1344 4626 quam
1368 4536 1486 4634 frigido
1510 4542 1645 4615 ardeat?
1692 4545 1751 4621 Est
1773 4552 1831 4624 sci·

311 4628 391 4699 licet
417 4627 485 4694 aar
508 4626 630 4696 calidus
650 4627 851 4722 caesarius,
885 4631 990 4701 minus
1011 4630 1188 4721 elallicus,
1221 4634 1435 4725 quamobrem
1459 4658 1564 4732 partes
1588 4644 1700 4738 pabuli
1723 4652 1835 4725 minus„

1795 4753 1833 4827 in

385 4923 446 5004 (a)
469 4924 630 5003 vegetabit
648 4925 766 4995 Statites
783 4932 889 5012 Exper.
907 4947 972 5009 trs.

1144 5030 1338 5133 Qiraa
