4992 6767
564 709 643 806 938
821 679 1605 783 GENERALIA
1690 686 1830 774 DE

569 889 574 896 ’
614 891 651 985 §r
681 887 1172 965 MMCCLxxxlv.Mu1n
1198 882 1335 958 &varia
1362 881 1537 952 Terrarum
1551 881 1643 956 orbis
1660 881 1817 975 exspirat,
1841 905 1918 976 quae
1939 889 1975 960 in
2000 890 2097 966 subli-

563 1014 617 1066 me
632 989 849 1074 adscendunt,
873 1009 973 1081 atque
990 1009 1066 1060 cum
1081 987 1158 1060 a'a're
1172 981 1428 1074 permiscentur,
1453 999 1528 1070 quae
1541 976 1613 1052 suut
1630 999 1858 1054 meteororum
1875 989 2018 1062 materiae
2028 1043 2043 1083 ,
2062 989 2098 1064 dr

565 1089 686 1176 causae,
722 1084 757 1159 dt
782 1086 921 1180 proinde
940 1089 1077 1184 cognitu
1102 1080 1303 1164 necessaria,
1318 1079 1437 1168 quibus
1457 1077 1613 1172 ignoratis
1632 1077 1714 1150 nibil
1735 1079 1779 1151 de
1799 1085 1952 1156 metauris
1973 1071 2096 1178 scitur;

564 1189 720 1262 sionrnes
742 1185 904 1257 anhelitus
919 1184 1021 1255 essent
1045 1183 1185 1271 detriti,
1211 1177 1283 1268 spes
1296 1175 1486 1246 soret'brevi
1508 1179 1640 1261 omnia,
1666 1201 1741 1272 quae
1769 1178 1914 1271 spectant
1929 1181 2095 1274 stercora,

564 1287 722 1382 intelligi,
746 1281 977 1368 demonstrari,
1004 1277 1039 1350 δι
1064 1275 1164 1349 multa
1185 1273 1355 1367 praevideri
1377 1271 1485 1364 polle:
1511 1280 1790 1369 operaepretium
1815 1279 1914 1375 igitur
1937 1285 2019 1370 erit,
2044 1285 2095 1356 di.

564 1387 704 1480 ligenter
728 1377 947 1463 enumerasse,
974 1397 1048 1468 quae
1072 1373 1187 1444 nollris
1207 1371 1409 1462 temporibus
1427 1369 1689 1466 cognoscuntur,
1721 1375 1843 1468 quibus
1865 1397 2006 1470 nepotes
2023 1381 2098 1476 plu·

565 1485 666 1566 rima,
693 1495 878 1569 temporum
902 1471 1043 1546 successu
1065 1467 1230 1562 eruenda,
1254 1467 1374 1540 addere
1397 1487 1565 1560 poterunt.
1802 1475 1805 1483 '

622 1611 654 1708 s.
687 1605 1024 1686 hlhllCCLXXllV.
1050 1605 1137 1706 Quae
1153 1606 1255 1680 Terra
1271 1605 1426 1700 exspirat,
1452 1606 1526 1678 sunt
1539 1605 1743 1702 subtilissmo
1759 1613 1925 1705 particulae
1940 1614 2008 1690 sere
2023 1579 2095 1690 umss

564 1714 657 1784 nium
679 1708 874 1780 terrestrium
896 1725 1093 1802 corporum,
1125 1725 1201 1778 cum
1225 1705 1416 1789 firmorum,
1443 1723 1512 1776 tum
1528 1703 1733 1801 fluidorum,
1759 1707 1858 1788 uvea
1875 1695 2095 1804 namn·‚''uve

563 1827 634 1879 arte
656 1805 912 1900 produilorum:
937 1827 956 1876 a
979 1803 1151 1902 vegetabili
1166 1824 1269 1902 regno
1286 1803 1496 1894 incipiamus:
1522 1803 1594 1902 haec
1612 1803 1695 1901 sunt.
1862 1813 1865 1818 ’

620 1947 668 2006 1⁰.
694 1927 865 2024 Quicquid
896 1928 1040 2020 spirirum
1066 1926 1207 1998 odorum
1230 1941 1500 2017 quarumcunque
1522 1905 1727 2016 Plantarurn,
1756 1905 1955 2018 Foliorum,
1982 1901 2095 2008 Corti-

564 2027 861 2202 fquFlpropr,
889 2027 1083 2194 {eminum’
1107 2023 1286 2096 Fruuuun
1310 2021 1496 2101 constituit,
1520 2023 1578 2116 qui
1599 2023 1716 2116 sponte
1738 2049 1781 2110 aar
1802 2033 1842 2102 iis
1863 2030 2017 2104 exhalare
2042 2033 2093 2104 su·

579 2152 633 2214 et,
707 2149 751 2199 vo
764 2145 805 2196 atr
819 2147 845 2195 rs
868 2145 887 2193 e
916 2173 925 2194 .
1884 2167 1887 2174 ·

585 2231 669 2394 rof.
692 2221 799 2314 Aquae
821 2221 1003 2312 plantarum
1018 2220 1166 2291 omnium
1182 2215 1296 2310 sponte
1311 2213 1517 2304 exhalantes,
1538 2217 1592 2288 vel
1605 2239 1625 2288 a
1639 2219 1739 2309 Sole,
1764 2199 1844 2296 dum
1862 2224 2098 2318 exsrccantur,

566 2341 693 2394 ercrtae.

625 2427 676 2514 3⁰.
701 2407 839 2511 Spiriru's
859 2413 1041 2500 ardentes,
1073 2415 1191 2505 quiex
1214 2410 1314 2483 succis
1345 2409 1528 2502 plantarum
1545 2409 1745 2486 fermentatis
1769 2415 2010 2507 conficiuntur,
2036 2429 2097 2516 qui

563 2537 684 2634 inagna
699 2515 801 2628 copia·
817 2515 852 2628 in
869 2511 943 2584 usus
957 2511 1119 2626 humanps
1140 2529 1208 2581 arte
1224 2527 1460 2622 praeparantur,
1486 2505 1522 2582 dt
1536 2507 1683 2582 volatiles
1699 2509 1789 2599 sunt;
1816 2512 1959 2605 quisunt
1973 2519 2008 2590 in
2022 2537 2098 2592 our·

566 2610 948 2802 insibilans?
970 2604 2094 2810 {fulinliiiassissinisinsiluisti

564 2809 637 2880 adri
662 2805 899 2906 committitur,
931 2819 987 2874 aut
1012 2799 1133 2892 planta
1154 2800 1252 2892 ipsae,
1276 2823 1361 2896 aqua
1380 2801 1601 2890 huneihra‘,
1635 2802 1709 2878 uiri
1731 2793 1850 2880 mlenti
1870 2829 2093 2902 exponuntur:

564 2905 645 2976 binc
667 2922 760 2994 aquae
783 2897 1018 2972 nonnullorum
1037 2893 1208 2970 fluminum
1232 2919 1369 2990 propter
1391 2901 1534 2986 innatas,
1547 2920 1604 2972 aut
1617 2903 1799 2976 innatantes
1812 2905 1936 2996 plantas
1952 2907 2094 2984 sermen-

567 3021 695 3084 mntur,
721 2994 910 3088 &Spiritus
925 2995 1075 3066 ardentes
1088 2997 1254 3081 erudiant,
1278 2995 1378 3068 veluti
1402 2996 1445 3068 de
1461 2997 1549 3091 aqui
1573 2995 1741 3072 Tharnesis
1759 3001 1794 3072 id
1807 3003 1999 3076 notillimum
2014 3007 2093 3096 est;

568 3099 612 3170 de
635 3116 719 3187 aqua
740 3093 884 3163 fluminis
898 3091 1007 3163 Alutae
1022 3091 1109 3161 idem
1128 3094 1254 3164 notavit
1279 3091 1481 3182 Tylhowsky
1506 3093 1579 3190 (a).
1603 3097 1661 3168 Au
1684 3095 1739 3169 hic
1761 3121 1829 3172 non
1844 3099 2031 3176 referendus
2045 3107 2093 3178 est

568 3195 729 3284 Spiritus,
755 3189 819 3261 srve
843 3185 914 3258 Gas
935 3186 1083 3278 sylvestre
1098 3190 1245 3258 omnium
1260 3187 1442 3279 plantarum
1456 3191 1737 3282 lamentantium,
1763 3195 1853 3290 cujus
1864 3197 1933 3292 jam
1947 3205 2092 3276 mentio·

571 3309 648 3362 nem
673 3284 738 3356 feci
763 3285 797 3355 in
823 3283 911 3376 Cap.
934 3303 1081 3354 xxxvrr.

616 3395 670 3476 4⁰.
695 3380 880 3452 Plantarurn
897 3380 971 3453 olea
994 3379 1053 3452 Sol
1078 3380 1219 3455 coluthia
1235 3382 1334 3470 facit,
1358 3379 1395 3456 dc
1410 3385 1569 3485 dispergit
1580 3391 1783 3484 per-uitem,
1801 3411 1838 3464 ut
1853 3391 1954 3466 docet
1970 3415 2087 3472 earum

568 3480 763 3561 exsecutio,
788 3473 825 3550 dt
845 3477 949 3568 odor,
975 3477 1104 3570 qualem
1125 3479 1249 3552 lienum
1272 3481 1464 3578 congestum
1485 3486 1739 3580 exspirat-arum
1760 3487 1835 3562 Rus
1854 3489 1991 3564 melleus
2013 3498 2092 3586 pin·

567 3581 658 3678 guis:
676 3573 814 3670 ¹possunt
835 3595 945 3650 autem
967 3575 1087 3669 plantae
1108 3579 1151 3649 ita
1178 3577 1261 3650 oleis
1282 3579 1409 3667 orbari,
1437 3601 1474 3653 ut
1496 3606 1566 3656 non
1583 3585 1724 3680 amplius
1736 3588 1846 3684 ignem
1859 3587 1970 3678 alant,
1992 3594 2043 3664 uti
2057 3596 2092 3664 in

569 3673 758 3750 ramusculis
782 3675 936 3748 arborum
961 3674 1070 3746 multis
1091 3677 1184 3746 annis
1205 3675 1355 3762 servatis,
1379 3697 1435 3751 aut
1448 3682 1484 3754 in
1509 3683 1659 3774 quolibet
1717 3688 1868 3779 madquu
1883 3685 1998 3783 ligno,
2023 3709 2092 3762 tum

570 3779 606 3847 in
626 3773 736 3858 foliis,
754 3792 796 3840 ex
819 3772 938 3859 quibus
952 3772 1080 3860 aliquot
1095 3774 1259 3844 continuis
1274 3775 1390 3848 diebus
1410 3778 1504 3851 aestus
1517 3781 1658 3854 adurens
1709 3803 1801 3856 orem
1818 3781 1974 3858 melleum
1988 3809 2090 3881 pepu-

569 3873 630 3952 lit,
654 3885 755 3980 pater.
804 3863 998 3939 Honendus
1017 3864 1148 3956 sutor,
1181 3871 1237 3960 qui
1261 3872 1296 3942 in
1318 3870 1522 3951 laboratoriis
1545 3878 1787 3974 saponariorum
1809 3883 2027 3974 amanum
2051 3887 2092 3957 ab

572 3965 650 4038 oleo
668 3965 849 4050 olrvurum,
872 3984 929 4036 aut
951 3983 1100 4058 raparum
1128 3965 1271 4058 pendet,
1298 3970 1418 4066 quud,
1436 3973 1515 4048 dum
1532 3981 1712 4070 coquitur,
1736 3969 1866 4056 volatile
1888 3981 1937 4054 fir.

624 4081 677 4156 5⁰·
702 4057 887 4133 Plantarum
911 4060 983 4135 salia
1005 4065 1102 4136 etiam
1123 4067 1156 4136 in
1179 4065 1291 4140 a'c'rem
1313 4065 1534 4161 adscendunt,
1558 4079 1607 4148 uti
1627 4077 1865 4152 combustarum
1884 4079 1958 4150 salsa
1984 4079 2093 4176 fuligo

572 4161 688 4258 docet:
714 4155 1104 4277 sed·&·putresaiiione,
1129 4166 1364 4261 exsrccatione,
1388 4159 1636 4250 fermentatione
1656 4161 1730 4248 salia
1752 4177 1835 4252 liunt
1852 4175 2013 4262 aoladlia,
2038 4181 2095 4248 iis·

574 4281 640 4353 que
658 4262 903 4376 operauonrbus
925 4263 1084 4352 peractis,
1109 4265 1143 4336 in
1167 4263 1362 4362 c'urpor'ibus
1380 4268 1491 4358 multo
1508 4275 1664 4367 pauciora
1677 4273 1752 4348 salia
1766 4275 1889 4350 insunt:
1913 4279 2009 4348 utiin
2034 4296 2096 4348 eo·

573 4379 646 4432 runa
667 4359 831 4444 erneribus
851 4362 1061 4449 comperitur.
1472 4359 1487 4375 ''
1526 4361 1532 4368 ’

592 4475 594 4479 ·
627 4456 679 4526 6⁰.
703 4451 823 4550 Fuligo
847 4455 889 4526 ab
906 4455 1091 4532 ardentibus
1107 4479 1178 4533 orta
1191 4457 1329 4556 plantis,
1356 4487 1473 4559 praeter
1486 4468 1578 4560 olea,
1603 4467 1727 4548 &salia
1741 4475 1839 4548 etiam
1853 4473 1993 4546 multum
2010 4471 2097 4545 Ter·

576 4548 791 4728 §agulanis
824 4550 932 4628 secum
956 4557 1086 4648 evehit,
1112 4581 1185 4654 quae
1209 4563 1244 4638 in
1268 4561 1369 4656 altum
1390 4565 1577 4664 adscendit,
1601 4594 1666 4648 una
1688 4595 1766 4650 cum
1788 4571 1898 4664 sumo,
1915 4569 2003 4648 &iu
2020 4573 2097 4654 aere

1961 4789 2014 4868 7⁰.
2038 4765 2100 4840 Pu·

655 4937 712 5018 (a)
734 4943 903 5026 Philosoph.
925 4949 1040 5014 Curios.
