4992 6767
542 643 624 771 „r
905 633 993 734 a·
1062 635 1113 729 a
1201 626 1417 725 erza
1499 628 1556 716 a
1617 617 1677 724 a.

545 873 638 950 que,
670 866 706 919 ut
727 846 786 919 a'e‘r
810 845 844 913 in
867 837 926 913 ic
952 839 990 910 sat
1012 839 1097 930 parit
1123 831 1285 907 densitatis
1309 826 1350 906 ac'
1367 828 1610 919 atmospberaa
1644 832 1784 921 peractis
1815 834 1946 928 aliquot
1975 842 2084 935 pistilli

545 944 878 1041 reciprocationibus,
903 933 1108 1010 &exhausto
1128 936 1206 1009 a'ere
1227 954 1269 1003 ex
1285 934 1365 1002 tubo
1391 926 1525 1008 ABG,
1551 925 1637 999 &ex
1653 930 1735 1000 tubo
1749 935 1898 1025 ampliori
1916 937 1988 1024 11),
2014 965 2087 1022 tan·

548 1054 623 1124 dem
648 1036 788 1116 succedit
814 1060 925 1128 aqua,
959 1059 1033 1128 quae
1054 1033 1218 1105 adscendit
1244 1034 1277 1102 in
1304 1031 1417 1100 tubum
1443 1025 1582 1111 ABC,
1608 1024 1643 1097 di
1668 1028 1820 1120 depresso
1842 1035 1978 1125 pistillo,
2005 1064 2084 1132 per.

547 1147 619 1230 fluit
642 1141 800 1215 valvulam
819 1136 873 1221 E,
899 1133 974 1206 fluit
992 1137 1024 1204 in
1041 1128 1303 1223 receptaculum,
1328 1125 1363 1198 id
1378 1126 1512 1221 implet,
1537 1144 1733 1217 emanatque
1755 1152 1797 1200 ex
1818 1132 1921 1204 rollro
1935 1134 1986 1207 R:
2013 1141 2085 1215 hoc

545 1242 650 1317 modo
675 1237 812 1309 multum
834 1255 926 1325 aquae
951 1230 1054 1302 attolli
1079 1229 1206 1320 potest,
1231 1225 1345 1316 estque
1359 1225 1429 1298 hec
1448 1225 1546 1296 antlia
1563 1220 1725 1312 suriana,
1751 1230 1865 1321 inqua
1886 1253 1964 1305 cum
1980 1258 2083 1327 parvo
2138 1239 2147 1258 ⁸

546 1342 662 1416 attritu.
680 1336 716 1408 lit
734 1352 853 1404 motus.
904 1328 1014 1399 Potest
1037 1328 1134 1396 tubus
1159 1323 1273 1396 ΑΒΕ
1299 1320 1368 1396 else
1390 1323 1587 1415 quadratus,
1613 1344 1713 1414 quera
1741 1330 1862 1399 ambiar
1886 1333 1984 1402 rubus
2003 1357 2084 1425 qua.

548 1439 658 1518 matus
671 1430 810 1521 amplior
833 1424 912 1508 DI,
937 1429 972 1495 iu
993 1425 1138 1496 interiori
1157 1443 1239 1494 cavo
1263 1420 1357 1512 hujus
1380 1420 1441 1492 DI
1465 1417 1596 1511 possunt
1619 1442 1760 1513 quatuor
1782 1428 1938 1498 trochleae
1952 1430 2083 1526 longio-

550 1556 601 1608 res
625 1530 713 1611 elle,
749 1546 784 1597 ut
812 1523 1013 1595 interuallum
1038 1524 1120 1591 inter
1146 1518 1288 1603 ΑΒΕ,
1315 1515 1350 1588 dr
1376 1517 1436 1588 Dl
1470 1516 1506 1588 stt
1526 1520 1642 1604 unius,
1667 1519 1824 1606 duarum,
1850 1523 1902 1594 vel
1926 1530 2020 1598 trium
2042 1531 2082 1600 li·

549 1649 703 1712 aearum,
728 1622 926 1715 Excipulum
951 1617 1117 1692 PMKN
1142 1616 1248 1710 potest
1269 1614 1333 1687 elle
1357 1620 1455 1687 etiam
1480 1616 1759 1712 quadrangulare,
1784 1618 1819 1690 dr
1837 1642 1931 1714 aeque
1945 1623 2082 1699 feliciter

549 1713 675 1814 tollirur
695 1745 812 1819 magna
833 1723 881 1793 vis
902 1741 995 1811 aquae
1008 1720 1211 1809 reciprocato
1229 1714 1352 1807 pilliilo
1377 1711 1478 1810 OQ,
1503 1716 1660 1804 quoniam
1681 1736 1788 1804 partes
1803 1741 1896 1809 aquae
1923 1721 1991 1793 aliis
2006 1745 2081 1813 par·

293 1899 296 1906 ,
428 1820 432 1826 ’
552 1826 638 1896 tibus
661 1822 840 1895 admodum
865 1816 1109 1905 adhaerescunt,
1134 1816 1335 1907 caeteroquin
1355 1832 1454 1882 nemo
1468 1809 1562 1881 facile
1579 1831 1598 1879 a
1614 1813 1715 1901 priori
1732 1815 1931 1907 concepisset
1945 1823 2079 1906 animo,

552 1920 726 2015 quomodo
743 1940 808 1990 tam
821 1917 887 1989 lato
903 1914 1093 2000 intentallo,
1109 1918 1191 1988 inter
1209 1909 1290 1995 ID,
1315 1906 1462 1993 &CB,
1487 1908 1616 1998 positu,
1640 1908 1761 1981 elevata
1775 1933 1865 2003 parte
1890 1912 1949 1984 ID
1967 1916 2079 1986 exclu-

549 2017 681 2106 deretur
707 2019 793 2092 aeris
812 2017 968 2094 introitus
984 2033 1026 2081 ex
1048 2010 1153 2084 fundo
1168 2008 1265 2095 NK,
1290 2011 1324 2078 in
1350 2006 1428 2091 lC,
1453 2004 1557 2096 qualia
1580 2023 1687 2076 tamen
1704 2012 1885 2105 comingir,
1911 2032 1949 2081 ut
1968 2007 2003 2082 dr
2022 2013 2081 2082 ad·

551 2109 677 2184 scansus
706 2113 798 2202 a'quae
833 2131 891 2198 per
919 2110 1031 2178 tubum
1054 2107 1170 2180 ABC
1193 2109 1229 2178 in
1255 2103 1508 2195 receptaculum.
1539 2100 1636 2173 ·Fun
1655 2103 1721 2174 boc
1745 2105 1974 2193 pulcerrimum
1997 2131 2081 2200 pro·

552 2230 691 2299 aotypon
715 2222 845 2280 mecum
867 2204 1146 2274 communicatum
1162 2225 1181 2272 a
1197 2200 1398 2273 solertiffimo
1423 2199 1546 2271 artifice
1568 2198 1691 2290 Jaanne
1707 2198 1834 2272 Paauw.

402 2370 586 2525 iiii„
603 2340 2082 2534 lilllbliillbiiriirdillisiiliiiii‘liiiiiiilitriiiii

444 2545 448 2552 ’
553 2546 589 2621 dr
617 2544 796 2619 admodum
812 2541 1004 2635 imperfecto
1027 2540 1131 2612 morio
1156 2538 1280 2610 emboli
1294 2538 1475 2622 tolluntur,
1501 2537 1750 2628 deprimuntur,
1776 2528 2082 2629 &reciprocantun

551 2647 714 2724 Andium,
746 2664 819 2734 quae
847 2661 964 2731 aquam
986 2639 1020 2707 in
1043 2638 1223 2729 quamlibet
1247 2636 1450 2706 altitudinem
1475 2635 1601 2706 elevare
1625 2633 1751 2726 potest,
1777 2628 1813 2703 ἃ
1838 2637 1891 2704 cui
1905 2635 2081 2709 methodus

398 2758 418 2814 ,τ
481 2795 485 2802 -
551 2742 720 2816 embolum
747 2736 971 2827 reciprocandi
988 2734 1034 2803 est
1062 2735 1242 2825 applicata,
1269 2734 1371 2827 figura
1395 2731 1610 2823 repraesentau
1667 2731 1739 2801 aa
1764 2728 1810 2801 est
1835 2733 1933 2803 rubus
1947 2783 1967 2818 „
1993 2755 2080 2827 parte

448 2860 454 2872 ·
548 2840 694 2918 inferiori
720 2831 873 2908 immiffus
894 2853 987 2923 aquae
1020 2832 1052 2904 in
1073 2853 1197 2923 puteo,
1222 2831 1264 2901 ad
1288 2849 1468 2900 extremum
1487 2828 1629 2920 superius
1658 2830 1728 2899 tubi
1753 2830 1787 2899 in
1814 2829 1843 2899 ll
1868 2830 1913 2899 eil
1937 2832 2081 2920 vulvula,

549 2962 624 3032 quae
649 2940 682 3007 in
711 2956 826 3005 cavum
848 2930 956 3002 antliae
984 2949 1102 3017 aquam
1126 2928 1289 3010 admittit,
1313 2945 1479 3017 receptam
1502 2930 1629 2997 retinet.
1681 2925 1714 2995 C
1737 2925 1786 2995 est
1814 2926 1983 3014 ambolus,
2009 2928 2083 3000 val.

548 3037 624 3111 vuli
647 3032 840 3111 instruitur,
865 3029 912 3096 uti
938 3026 973 3094 in
993 3023 1101 3095 antiiis
1124 3024 1333 3120 vulgaribusq
1357 3024 1509 3095 embolus
1532 3022 1677 3095 adnexus
1698 3022 1745 3093 esi
1764 3024 1823 3095 fila
1838 3025 2000 3097 metallico
2021 3046 2079 3117 cy·

436 3180 440 3188 -
549 3132 713 3212 lindrieo;
738 3124 781 3195 ad
810 3121 918 3195 antllae
940 3141 1065 3211 partem
1089 3119 1289 3211 superiorem
1314 3117 1350 3191 D
1376 3122 1422 3192 est
1447 3120 1596 3215 capsula,
1620 3124 1734 3213 inqua
1756 3125 1846 3195 con‘a
1861 3124 1988 3215 aliquot
2007 3141 2079 3216 per·

547 3226 653 3298 forata
670 3223 801 3315 jacent,
827 3241 901 3311 qua·
926 3217 1005 3289 oleo
1019 3213 1065 3289 ·&
1083 3215 1161 3289 sebo
1176 3221 1220 3288 ita
1243 3216 1315 3289 sunt
1338 3240 1536 3312 preparata,
1558 3240 1594 3289 ut
1616 3220 1687 3291 aeri
1711 3215 1746 3289 dr
1772 3241 1867 3311 aquae
1884 3223 1967 3293 viam
1982 3223 2079 3295 luter·

548 3320 701 3405 cludant,
727 3318 805 3389 dum
830 3318 958 3388 interim
984 3313 1062 3389 XE
1085 3314 1253 3404 cylindrus
1275 3317 1399 3388 emboli
1423 3317 1523 3388 libere
1545 3338 1605 3408 per
1624 3319 1712 3387 con'a
1726 3315 1845 3389 sursum
1863 3317 2077 3411 deorsumque

547 3437 716 3491 murmur:
741 3420 785 3486 iar
806 3435 907 3507 aqua,
933 3433 1007 3504 quae
1030 3414 1072 3485 ab
1095 3412 1231 3484 embolo
1258 3410 1293 3485 C
1317 3414 1643 3497 inritum-tollitur,
1669 3418 1863 3504 opprimitur
1885 3416 2014 3509 quidem
2033 3416 2076 3488 ad

547 3512 710 3607 capsulam
735 3511 794 3597 D,
819 3510 874 3583 sed
895 3531 963 3583 aon
979 3511 1104 3596 transit,
1127 3530 1227 3600 atque
1247 3512 1442 3602 imprimitur
1455 3513 1490 3582 in
1508 3513 1621 3583 tubum
1642 3512 1806 3583 lateralem
1832 3512 1886 3598 L,
1909 3514 2075 3607 elevaque

547 3610 705 3688 valvulam
729 3609 786 3696 N,
812 3629 886 3701 quae
909 3607 1035 3679 marin
1053 3608 1242 3697 excipulum
1265 3608 1463 3679 metallicum
1486 3630 1622 3695 cavum,
1647 3610 1734 3681 aeris
1750 3611 1904 3701 plenum:
1930 3632 2014 3705 aqua
2026 3616 2074 3685 in·

544 3707 699 3801 nopressa
718 3708 908 3798 comprimit
926 3704 1059 3789 a'e‘rem,
1083 3707 1141 3794 qui
1155 3704 1250 3774 estin
1265 3726 1355 3794 parte
1373 3703 1537 3796 superiore
1561 3706 1724 3794 excipuli3
1749 3707 1809 3780 ae'r
1824 3709 2013 3782 elasiicitate
2026 3730 2074 3782 re·

543 3808 655 3899 primic
679 3819 821 3892 aquam,
847 3822 884 3872 ut
907 3801 1022 3871 influat
1049 3804 1083 3872 in
1108 3802 1221 3871 tubum
1254 3799 1348 3894 ΟΡ,
1373 3806 1429 3894 qui
1454 3803 1521 3873 hiat
1544 3806 1577 3873 in
1602 3804 1716 3875 mbum
1738 3808 1923 3879 coriaceum
1949 3806 2073 3879 flexibi·

545 3904 624 3980 latu¹
637 3898 702 3970 SS.
728 3899 824 3970 tubas
848 3896 902 3970 hic
916 3915 984 3990 ope
1005 3896 1152 3970 cochlee
1175 3896 1212 3995 Q
1237 3898 1450 3972 annexusest
1469 3903 1550 3990 parti
1571 3900 1726 3993 superiori
1741 3904 1901 3993 excipuli3
1926 3906 1973 3975 ira
1988 3925 2072 3997 aqua

544 3994 683 4090 inpressa
703 3999 737 4068 in
756 3997 871 4068 t'ubum
895 3994 974 4082 SS,
1006 3997 1166 4068 continuo
1178 3995 1267 4089 josia
1282 3996 1455 4089 expellitur
1476 4019 1517 4069 ex
1544 3999 1626 4069 tubo
1651 3997 1810 4071 metallico
1832 3995 1881 4071 R.
1932 3996 2072 4072 Redea-

543 4118 617 4176 mua
640 4093 684 4165 ad
706 4093 897 4178 embolum,
917 4095 976 4187 qui
1003 4091 1189 4167 adhaerescit
1212 4094 1362 4185 cylindro
1386 4094 1462 4168 XE
1477 4119 1490 4184 ς
1514 4117 1590 4167 cum
1611 4095 1706 4189 bajus
1720 4116 1808 4190 parre
1821 4095 2068 4190 superioricoa·

544 4214 627 4266 nexa
660 4192 707 4264 est
730 4193 842 4289 regula
863 4192 987 4282 duplex
1012 4190 1144 4263 dentata
1165 4190 1257 4279 EF,
1282 4190 1371 4266 EG.
1421 4193 1512 4267 Rota
1538 4193 1612 4278 est,
1643 4192 1736 4285 cujus
1758 4215 1832 4285 para
1853 4196 1999 4268 exterior
2021 4195 2071 4268 se-

545 4288 643 4364 nruis
666 4288 704 4361 N
728 4291 775 4362 esi
800 4290 948 4360 dentium
973 4308 1112 4379 expers:
1150 4291 1249 4362 altera
1269 4313 1343 4383 pare
1363 4292 1492 4364 semiills
1512 4291 1529 4362 1
1553 4287 1705 4363 dentibus
1727 4292 1774 4366 eu
1798 4292 1972 4378 inlausta,
2006 4297 2068 4385 qui

545 4385 696 4458 dentibus
729 4389 897 4475 utriusque
914 4385 1049 4481 ·regulae
1073 4390 1300 4481 conveniunt,
1332 4411 1352 4460 a
1376 4391 1497 4481 quibus
1516 4391 1739 4481 excipimur:
1773 4393 1849 4464 axin
1872 4411 1951 4465 rure
1965 4392 2070 4465 ambit

544 4484 749 4554 manubrium
780 4479 835 4551 Μ.
891 4481 974 4556 Sunt
1004 4482 1078 4556 duae
1107 4485 1182 4558 aliae
1218 4504 1299 4558 rotae
1331 4483 1378 4573 K,
1393 4485 1457 4572 K,
1488 4508 1564 4579 qure
1586 4506 1755 4560 aramum
1985 4487 2069 4562 lama

543 4575 722 4660 coercent,
745 4596 783 4649 ut
810 4579 930 4673 regule
960 4580 1085 4673 semper
1112 4586 1199 4657 radia
1224 4582 1344 4658 sursum
1364 4582 1513 4658 deorsum
1534 4605 1752 4659 moveanmr:
1847 4590 1998 4661 nubrium
2023 4584 2068 4660 M

342 4715 346 4734 .
543 4667 724 4763 semperin
748 4677 924 4750 rotundum
938 4679 1058 4752 eodem
1078 4684 1350 4771 modorertitru,
1374 4703 1475 4776 aquo
1491 4704 1585 4758 motu
1600 4683 1751 4757 embolae
1764 4682 2068 4778 reciprocatursur·

397 4775 402 4789 ’
540 4768 611 4853 siim
630 4769 866 4868 deorsumqoer
889 4779 1075 4856 ameria
1100 4778 1485 4880 deuterlingrediunrur
1502 4780 1649 4879 requbm
1672 4780 2068 4875 armeniorumque:
