4992 6767
565 723 646 830 „a
843 687 1814 800 assenserant

553 915 683 997 haunt,
709 911 765 1002 qui
784 906 877 980 llrata
893 909 1014 980 vianrm
1029 904 1063 974 in
1079 897 1212 973 humina
1227 911 1356 969 vertunt
1374 913 1386 974 ;
1420 885 1617 980 perstathoc
1633 885 1788 978 usquead
1805 885 1960 962 occasum
1980 869 2102 987 Solia„

436 1038 456 1058 ⁴·
566 1031 636 1083 turn
652 1007 773 1081 coelum
795 1005 898 1077 rursus
920 1003 956 1074 sit
971 1001 1139 1084 serenum,
1161 1012 1301 1077 utante;
1325 986 1488 1059 interdum
1512 1003 1619 1070 tamen
1634 1004 1704 1057 tota
1718 987 1818 1056 noste
1841 985 1951 1076 pluit,
1978 985 2015 1060 dt
2041 990 2091 1066 se

564 1109 678 1201 quenti
694 1125 809 1188 mane,
834 1104 918 1174 adeo
945 1119 981 1170 ut
995 1095 1105 1189 pluvia
1127 1094 1227 1165 tribus
1252 1105 1430 1180 quatuorve
1443 1083 1559 1158 diebus
1575 1083 1613 1154 llt
1626 1085 1782 1155 continua
1805 1105 1815 1152 a
1846 1085 2009 1162 interdum
2026 1091 2090 1165 ali·

550 1231 647 1349 'quot
668 1253 783 1326 diebus
806 1249 926 1322 caelum
942 1245 988 1317 ell
1014 1242 1160 1313 serenum
1179 1238 1244 1310 fine
1264 1227 1401 1329 pluvia,
1426 1231 1480 1304 sed
1505 1201 1549 1356 ἰ-
1573 1197 1685 1353 vel-{-
1715 1252 1791 1325 pars
1824 1229 1950 1306 dierunt
1985 1239 2087 1314 totius

560 1403 639 1474 anni
663 1403 708 1472 ita
733 1399 778 1469 est
797 1413 1002 1488 comparata,
1028 1406 1064 1457 ut
1086 1385 1236 1458 serenitas
1251 1383 1289 1454 lit
1314 1379 1486 1474 conjundlu
1505 1394 1583 1450 curn
1598 1379 1730 1450 nimbis.

568 1529 570 1534 '
616 1517 895 1594 MMCCXCII.
921 1511 1157 1610 Quodcunque
1184 1524 1224 1580 ex
1247 1508 1349 1582 Terra
1380 1508 1414 1578 in
1437 1503 1536 1577 ahum
1559 1502 1753 1594 adscendit,
1786 1525 1920 1580 vocatur
1942 1509 2085 1606 Vapar,

558 1617 767 1708 Exhalatio,
790 1615 843 1688 vel
867 1614 1057 1690 Anhelans.
1109 1606 1224 1700 Vapot
1248 1605 1437 1679 consistent
1461 1603 1712 1695 quibuscunque
1741 1605 1895 1696 aquofis,
1918 1605 1953 1678 dt
1974 1607 2083 1682 humi·

559 1713 611 1784 dis
634 1715 788 1806 partibus.
843 1711 1017 1784 Exhalatio
1040 1706 1246 1800 expertibus
1270 1700 1474 1774 subtilissimis
1505 1718 1781 1792 quotumcunque
1811 1723 1990 1796 corpomm
2009 1705 2082 1780 lio

553 1833 708 1897 morum,
723 1810 774 1884 vel
792 1809 1009 1894 Fluidorum,
1034 1827 1095 1878 nec
1109 1805 1242 1896 aqueis,
1259 1821 1321 1872 nec
1344 1795 1501 1870 humidis.-

604 1926 898 2001 lllhleCXClll.
909 1926 1177 2000 Enumeravimus
1192 1923 1225 1993 in
1235 1919 1499 1992 antecedentibus
1510 1919 1659 2012 quedam
1676 1940 1916 2017 comumque
1927 1941 2038 1997 revera
2046 1928 2079 1998 in

555 2023 725 2098 sublimem
749 2029 856 2098 aerem
870 2024 1088 2106 adscendunt,
1114 2018 1177 2089 sed·
1193 2040 1234 2088 an
1256 2020 1327 2086 haec
1344 2015 1478 2108 quidem
1504 2034 1574 2102 tot,
1592 2013 1728 2090 &tanta
1741 2020 1833 2112 sunt,
1859 2021 2081 2096 utabundan-

550 2117 625 2194 'tem
649 2127 814 2195 materiam
839 2124 992 2193 meteoris
1017 2116 1219 2208 suppeditare
1244 2111 1394 2202 poslrntl
1426 2110 1492 2183 hoc
1515 2112 1644 2184 calculo
1673 2115 1866 2204 aliquantum
1892 2115 2078 2194 subducen-

554 2219 656 2302 dum,
683 2217 718 2286 dt
746 2217 1029 2290 demonstrandum
1047 2213 1103 2280 est.
1155 2209 1284 2279 Calculi
1299 2206 1567 2299 hujusmodisunt
1590 2209 1700 2280 latiore
1718 2205 1844 2300 specie3
1868 2231 1946 2283 non·
1960 2215 2002 2283 ad
2024 2236 2076 2286 te·

554 2333 621 2385 nue
638 2312 769 2382 elimati.

549 2429 557 2454 ··
606 2408 835 2502 Incipiamusa
852 2412 1058 2505 vaporibus,
1091 2425 1216 2498 eosque
1241 2417 1469 2489 comparemus
1489 2403 1718 2474 adscendentes
1747 2423 1823 2476 cunr
1850 2403 2077 2480 descendenti-

551 2508 639 2594 bus,
659 2507 721 2579 srve
744 2530 820 2580 curn
840 2511 973 2602 pluvia,
999 2507 1152 2578 srhorum
1177 2501 1307 2588 copiam
1332 2517 1442 2586 paretn
1466 2498 1763 2591 deprehendamus,
1788 2505 1928 2573 convisli
1950 2507 2074 2577 erimus

552 2625 573 2675 a
597 2605 770 2696 vaporibus
793 2607 1060 2679 adscendentibus
1089 2597 1229 2690 pluviam
1257 2591 1349 2663 suille
1378 2592 1559 2667 formatam.
1615 2593 1789 2692 Quantitas
1819 2596 1967 2696 pluviae,
1999 2625 2074 2693 que

552 2703 629 2772 anni
655 2699 755 2790 spatio
782 2701 905 2790 Leydae
927 2701 1068 2778 labitur,
1093 2692 1139 2762 est
1168 2691 1362 2782 plerumque
1388 2715 1434 2782 24
1457 2693 1531 2784 pol·
1551 2695 1595 2766 in·
1610 2694 1809 2780 altimdine,
1837 2717 2076 2790 nonnunquam

547 2796 599 2866 est
622 2797 769 2888 largior,
794 2795 863 2864 aliis
878 2795 969 2864 annis
985 2789 1030 2860 est
1046 2791 1194 2882 parcior,
1218 2807 1317 2878 prout
1338 2791 1414 2860 anni
1441 2789 1669 2878 nummisma,
1688 2793 1748 2864 'vel
1762 2793 1919 2866 sicciores
1942 2793 2072 2870 suerint.

543 2889 602 2962 -Ut
624 2887 839 2962 mensuratam
866 2891 998 2981 copiam
1023 2889 1152 2980 vaporis
1176 2883 1422 2977 adscendentis,
1447 2888 1538 2960 sumfi
1560 2909 1617 2960 tas
1636 2891 1830 2983 plumbeum
1844 2893 1901 2962 -18
1924 2892 2006 2984 poll.
2027 2895 2074 2966 ab

552 3007 651 3072 turn,
687 2983 722 3056 dt
746 2991 799 3060 cui
825 3007 892 3058 erat
915 2987 1017 3080 figura
1036 2982 1299 3074 parallelepipedi
1321 2984 1610 3080 quadrangularis,
1644 2985 1797 3078 superiori
1826 3009 1917 3080 parte
1939 2995 2076 3080 aperti,

550 3083 646 3177 cuius
672 3105 739 3154 orae
765 3083 950 3175 quadratae,
976 3080 1146 3171 quodlibet
1170 3079 1252 3149 lutus
1278 3077 1340 3151 suit
1361 3081 1556 3172 6pollicum
1580 3107 1590 3152 a
1621 3085 1714 3176 posui
1734 3087 1770 3158 in
1793 3086 1919 3172 horto,
1960 3085 2015 3158 sed
2036 3091 2072 3160 in

550 3181 631 3252 loco
655 3179 842 3262 umbroso,
866 3180 1039 3266 curavique
1066 3176 1235 3266 quotidie,
1262 3194 1298 3244 ut
1317 3176 1488 3266 impletum
1504 3178 1726 3274 fuerintque,
1757 3181 1814 3260 sed
1835 3207 1857 3262 a
1878 3183 1964 3276 poll.
1984 3183 2069 3256 insta

550 3295 673 3360 oram,
699 3273 777 3344 dum
796 3274 887 3346 sirnul
913 3277 1070 3344 rationem
1093 3271 1191 3340 habui
1215 3269 1331 3360 illapsa
1355 3272 1497 3364 pluviae,
1522 3297 1619 3368 quam
1639 3281 1674 3354 iu
1694 3279 1760 3352 allo
1774 3279 1875 3360 vase,-
1891 3281 1956 3354 sive
1970 3279 2066 3370 Hye-

542 3389 696 3442 tometro
713 3370 803 3462 juxta
829 3371 929 3442 stante
948 3367 1167 3462 colligebam,
1185 3365 1224 3440 dt
1241 3367 1474 3444 observabam:
1500 3371 1544 3446 dt.
1559 3395 1601 3447 ne
1626 3377 1667 3450 ab
1689 3375 1840 3460 aucuia,
1852 3397 1919 3452 ¹aut
1941 3375 2061 3449 felibus

549 3471 649 3554 Aqua
665 3467 869 3559 haurirent,
908 3469 971 3537 terti
996 3487 1050 3538 vas
1074 3465 1226 3536 craticula
1248 3483 1291 3532 ert
1317 3465 1434 3536 fidibus
1465 3469 1925 3560 clavitvmbali,.ad1uodum
1953 3475 2067 3560 raris,

550 3561 742 3655 amplasque
760 3565 1130 3655 ateasuelinqueutibus.
1175 3557 1342 3650 ultrajettr
1365 3563 1564 3654 deprehendi
1582 3567 1707 3660 aliquot
1724 3587 1885 3644 annorum
1898 3567 2002 3661 spatio
2020 3590 2069 3662 29

550 3659 682 3754 pollicis
705 3657 976 3738 Rhenolandicos
1000 3663 1109 3750 Aquae
1132 3677 1174 3727 ex
1198 3657 1263 3726 hoc
1284 3658 1355 3729 vase
1373 3663 1430 3732 sub
1455 3685 1614 3754 vaporum
1636 3663 1741 3736 forma
1754 3663 1976 3750 adsuendill‘e3
2009 3667 2069 3738 fic·

549 3760 598 3832 cis
619 3759 713 3831 annis
735 3759 810 3848 plus
824 3757 1077 3848 evaporabunt,
1103 3753 1242 3823 humidis
1265 3758 1358 3828 annis
1378 3760 1514 3845 minus,
1539 3763 1680 3838 mediam
1700 3761 1842 3854 aliquant
1863 3766 1995 3854 copiam
2017 3763 2066 3836 sus

550 3875 671 3939 mens,
705 3855 908 3924 inveniebam
935 3871 980 3942 29
1007 3847 1180 3942 pollices:
1214 3849 1329 3920 srmlles
1352 3857 1594 3932 observationes
1613 3857 1943 3934 Sauriam-aufidius
1956 3866 2066 3952 cepit,

551 3950 634 4042 (a)
662 3945 698 4016 dt
719 3946 786 4017 sere
806 3950 945 4020 eundern
969 3949 1048 4020 vidit
1072 3964 1235 4020 eventum.
1268 3947 1324 4018 Cl.
1340 3947 1496 4044 Halleyus
1513 3979 1554 4028 ex
1570 3959 1641 4031 vase
1656 3957 1769 4052 Aque
1782 3957 1903 4050 plena,
1929 3959 2067 4034 &intra

548 4044 635 4116 aedes
658 4043 803 4140 Collegii
826 4045 1068 4122 Greshamensrs
1090 4047 1133 4117 ita
1154 4044 1283 4136 posito,
1310 4067 1346 4117 ut
1370 4051 1467 4134 Solis¹
1480 4057 1580 4137 radii,
1601 4053 1751 4132 deventi
1774 4072 1947 4152 ‚maremque
1977 4056 2065 4128 haud

549 4142 707 4236 pollent,
733 4161 806 4214 toto
827 4167 914 4218 antro
939 4145 1151 4240 oslodigims
1169 4145 1277 4234 Aquae
1300 4167 1492 4241 evaporatus
1505 4155 1686 4244 caumana
1720 4153 1788 4228 sea
1806 4151 2067 4244 preeuntemse·

550 4249 687 4333 qua'mur
704 4237 877 4332 llallcyum
903 4243 1002 4336 (b),
1027 4239 1067 4312 dt.
1089 4241 1302 4318 subducamus
1323 4245 1386 4316 levi
1407 4247 1564 4332 calculo,
1596 4239 1717 4342 qtun'ta
1740 4256 1867 4344 vaporis
1892 4253 1989 4342 copia
2018 4271 2064 4321 ex

549 4337 639 4412 Mati
658 4342 693 4412 iu
715 4339 815 4411 altum
844 4339 1013 4434 assurgit,
1034 4343 1110 4432 quia
1133 4358 1173 4408 ex
1200 4337 1265 4409 hoc
1296 4365 1417 4434 vapore
1444 4346 1591 4437 plurimae
1615 4339 1797 4424 formantur
1823 4353 1951 4436 nubes,
1984 4367 2061 4442 quae

525 4479 697 4562 'universo
718 4505 870 4556 terrarum
890 4486 964 4557 orbi
987 4486 1128 4586 pluviam
1149 4487 1376 4590 suppeditant:
1410 4487 1572 4594 ponamus
1595 4497 1745 4594 qualibet
1758 4499 1814 4596 die
1842 4463 1898 4612 ᾗ·
1932 4495 2066 4590 pollicis

537 4635 658 4725 ,Aqua
671 4633 707 4703 in
722 4633 888 4705 altitudine
912 4639 991 4709 verti
1013 4637 1047 4708 in
1071 4659 1248 4728 vaporem,
1272 4639 1387 4716 diebus
1408 4646 1522 4721 aellivis
1536 4647 1608 4740 plus
1622 4647 1808 4736 adscendit,
1832 4613 1988 4735 hybernis
2004 4649 2064 4718 mi·

547 4750 639 4817 nus,
663 4727 739 4800 ideo
761 4735 867 4802 media
890 4734 1036 4824 quaedam
1060 4729 1217 4827 quan'titas
1235 4735 1336 4812 surram
1351 4742 1436 4814 suit:
1470 4744 1652 4844 superficies
1685 4746 1781 4832 marie
1807 4745 1843 4820 in
1866 4745 2063 4854 magnitude

1283 4859 1286 4865 '
2024 4861 2065 4916 ne

520 5071 524 5079 ¹
622 5003 682 5084 (a)
706 5006 868 5069 Memolres
893 5011 1095 5095 Mathematiq'.
1115 5016 1142 5080 dt
1159 5015 1273 5099 l’bvfiq·
1293 5019 1349 5090 Aa.
1373 5030 1458 5100 aava·

624 5085 685 5165 (i)
704 5087 813 5154 Philas.
834 5092 982 5160 'stanna
1000 5095 1058 5161 Na.
1079 5104 1144 5169 1⁸⁹·
