4992 6767
549 665 639 769 '555
990 655 1046 743 D·
1089 651 1128 741 E
1229 646 1378 740 ''²122G
1433 657 1481 743 N
1532 656 1585 743 E.

555 851 744 928 commisos
767 850 904 924 leviores
923 847 1014 937 fieri,
1038 847 1073 922 dt
1098 847 1239 941 politurd
1265 848 1391 920 orbari:
1415 869 1649 945 nonnunquam
1675 847 1835 924 nubecu'ia
1859 854 1995 927 insessos
2010 873 2074 947 pu·

555 950 671 1024 rificari
694 950 729 1020 in
753 949 858 1044 igne,
889 947 1119 1040 pellucidiores
1141 947 1238 1033 fieri,
1270 945 1352 1018 alios
1375 942 1480 1038 sandi,
1511 950 1594 1023 aiios
1623 947 1778 1034 dissilire,
1800 945 1854 1020 sed
1878 971 1994 1024 omnes
2017 953 2077 1023 de-

503 1091 505 1096 ·
552 1066 697 1120 crescere
717 1044 864 1136 pondere
886 1042 921 1116 dt
945 1043 1122 1116 volumine.
2073 1091 2076 1096 -

562 1179 570 1186 ·
602 1166 634 1267 ς.
659 1161 901 1238 MDCXXIX.
926 1159 1042 1260 Qualis
1055 1181 1169 1233 autem
1188 1157 1254 1231 esse
1275 1159 1394 1232 debeat
1413 1179 1487 1232 arca
1502 1158 1595 1250 soci‚'
1614 1181 1654 1236 ut
1674 1163 1838 1236 radiomm
1858 1162 2006 1238 solarium
2021 1189 2082 1239 ca·

551 1267 604 1339 lor
626 1266 663 1336 fit
684 1263 817 1355 aequaiis
846 1261 976 1345 calori,
1007 1261 1064 1352 qui
1094 1257 1144 1328 est
1165 1262 1199 1330 io
1231 1258 1325 1354 ligno
1354 1257 1487 1330 ardente
1518 1259 1722 1353 supputatum
1752 1258 1861 1331 suita
1891 1260 1931 1331 B.
1955 1261 2081 1338 Marti·

550 1381 598 1436 no
624 1357 717 1457 (a).
765 1358 818 1431 Ex
841 1357 1116 1431 observationibus
1140 1354 1301 1426 Ncwtoni
1323 1353 1409 1427 soret
1430 1354 1670 1432 calor'aestivus
1693 1359 1734 1430 ad
1756 1355 1898 1450 calorem
1921 1355 2001 1453 ligni
2024 1383 2079 1434 ar·

551 1462 674 1546 dentis,
700 1460 748 1528 uti
778 1479 791 1527 t
800 1478 833 1548 3.
856 1456 898 1527 ad
924 1474 1007 1547 450.
1032 1455 1181 1545 proxime
1205 1455 1253 1524 uti
1282 1474 1314 1526 t.
1341 1453 1383 1524 ad
1411 1471 1469 1545 35.
1518 1456 1552 1527 Si
1575 1459 1661 1551 ergo'
1676 1453 1812 1526 denfitas
1837 1453 1999 1525 radiorum
2016 1458 2082 1528 So·

551 1558 666 1630 larium
688 1554 841 1628 reddatur
867 1572 925 1645 35.
950 1550 1073 1644 major,
1097 1551 1159 1621 crit
1177 1571 1293 1624 eorum
1312 1551 1402 1624 calor
1427 1551 1475 1621 uti
1494 1555 1527 1624 in
1559 1552 1652 1648 ligno
1674 1554 1822 1623 ardentez
1846 1552 1999 1642 adeoque
2016 1555 2079 1644 cir·

551 1655 674 1740 celius,
698 1654 838 1743 quierit
857 1650 972 1735 sucus,
997 1648 1095 1720 debet
1114 1643 1177 1718 esse
1199 1648 1241 1718 ad
1263 1646 1465 1740 superficiem
1484 1647 1629 1742 speculi,
1644 1652 1703 1722 uti
1728 1671 1757 1720 t.
1777 1648 1823 1719 ad
1851 1667 1910 1741 35.
2053 1663 2076 1714 .’

606 1752 655 1824 Sit
675 1746 742 1841 jam
764 1746 884 1841 speculi
907 1747 1063 1820 diameter
1093 1765 1128 1836 9,.
1161 1744 1274 1837 pollio.
1303 1742 1338 1817 dt
1364 1745 1483 1852 circ-eiii
1509 1767 1670 1838 quaeratur
1694 1747 1850 1820 diameter
1880 1765 1925 1819 =
1946 1771 1983 1817 x.
2015 1751 2077 1830 erit

553 1943 645 2028 35)-ι
669 1906 940 2018 ²³3²·xx·⁰fss0
961 1911 1206 2015 35xxz'81.
1226 1915 1263 1990 &
1401 1864 1448 2081 ἓξ
1473 1944 1518 2000 =
1541 1950 1565 1995 x
1588 1944 1633 1995 ,τ
1662 1880 1754 2058 133-
1779 1922 1951 2013 proxime:
1971 1919 2074 2036 adeo7

546 2159 614 2236 qu'e
637 2144 695 2214 ubi
718 2101 881 2216 circelsus'
898 2147 976 2216 coni
997 2079 1102 2216 babet
1130 2143 1322 2215 diametrum
1352 2105 1424 2278 b}
1467 2143 1549 2235 poll.
1575 2146 1622 2215 ibi
1649 2141 1741 2252 caior
1760 2139 1924 2213 radiorum
1946 2143 2006 2213 etit
2036 2161 2078 2216 ut

546 2301 628 2402 ligni
652 2302 808 2384 ardentis:
835 2300 900 2374 Sed
919 2305 954 2373 in
975 2301 1041 2374 hoc
1061 2301 1188 2398 tascuio
1215 2299 1440 2393 supponuntur
1463 2325 1578 2376 omncs
1598 2303 1677 2374 radii
1702 2300 1896 2398 reverberari
1920 2318 1939 2372 a
1960 2291 2073 2396 specu·

547 2401 605 2485 lo,
630 2400 721 2491 quod
743 2420 852 2470 verum
875 2420 942 2470 non
965 2398 1032 2485 est,
1061 2399 1147 2470 siuti
1170 2399 1263 2490 supra
1283 2396 1450 2485 diximus,
1470 2399 1603 2472 dimidia
1617 2421 1732 2471 eorum
1746 2400 1843 2490 copia
1865 2415 1988 2468 tantum
2000 2397 2075 2472 ted·

546 2496 662 2580 datur,
690 2517 756 2566 tum
779 2493 900 2585 speculi
922 2496 1078 2590 diameter
1103 2495 1261 2568 debuisset
1281 2492 1345 2564 esse
1374 2517 1429 2589 13·
1455 2496 1566 2588 pollio.
1597 2519 1666 2570 non
1691 2517 1727 2588 9.
1751 2515 1862 2566 verum
1885 2493 1957 2565 sunt
1984 2493 2071 2582 alit,

546 2615 622 2685 quae
645 2593 819 2684 quominus
842 2591 970 2666 casculo
991 2595 1119 2684 penitus
1144 2592 1300 2684 fidemus,
1325 2613 1544 2678 concurruot3
1569 2615 1644 2666 nant
1663 2611 1788 2664 totamm
1809 2589 1998 2664 denfitatem
2013 2615 2070 2688 pa·

546 2688 731 2762 rallelorum
754 2687 919 2780 mdiorum
943 2688 1232 2775 consideravimus,
1258 2709 1327 2760 non
1351 2683 1511 2780 quotenus
1538 2690 1618 2762 radii
1642 2682 1906 2788 convergunt&
1931 2687 1991 2762 sibi
2013 2711 2072 2764 oc·

542 2805 698 2872 currunt,
719 2783 899 2886 ‚quomodo
917 2786 1028 2858 multo
1047 2785 1201 2877 majorem
1227 2784 1328 2886 edum
1348 2781 1531 2884 εΐῐεέὶυιιι,Ε
1547 2789 1596 2860 uti
1615 2785 1700 2859 insta
1725 2786 1859 2878 patebit.
2007 2823 2011 2830 ·

591 2916 623 3017 Β.
649 2915 878 2994 MDCXXX.
898 2914 994 3011 Quia
1017 2937 1157 3006 corpora
1177 2919 1213 2985 itt
1227 2911 1307 2983 foco
1328 2911 1448 3002 speculi
1474 2912 1584 2984 ustorii
1609 2915 1752 3004 exposita
1774 2914 1871 2988 radiis
1885 2915 1984 2992 =Solis
1997 2915 2072 2998 sun·

540 3017 685 3106 duntur,
711 3037 785 3105 quae
805 3013 932 3084 refundi
955 3009 1105 3099 possunt,
1127 3007 1166 3078 dt
1186 3008 1264 3078 ideo
1280 3008 1462 3091 labuntur,
1495 3027 1558 3080 nec
1583 3029 1646 3098 pro
1665 3009 1771 3084 lubitu
1797 3016 1832 3084 in
1852 3011 1932 3086 soco
1954 3003 2069 3092 retine·

545 3116 572 3182 ri
599 3110 751 3197 possunt,
776 3106 833 3176 nis
852 3106 979 3194 jaceant
1003 3107 1038 3174 in
1058 3106 1207 3174 carbone
1221 3093 1316 3173 sacto
1338 3123 1381 3172 ex
1403 3102 1494 3198 signo
1515 3105 1629 3192 viridi,
1653 3105 1708 3178 sed
1736 3112 1781 3181 ita
1801 3111 1964 3186 radiorum
1984 3113 2068 3190 solo·

420 3251 427 3262 .
545 3222 619 3278 rum
639 3204 724 3272 adio
741 3199 853 3269 videri
876 3219 944 3268 non
968 3198 1074 3288 potest
1098 3198 1206 3291 (b),
1232 3216 1364 3289 oportet
1385 3216 1422 3270 ut
1445 3202 1625 3274 inveniatur
1644 3205 1794 3291 modus,
1826 3229 1895 3299 quo
1916 3210 1995 3282 radii
2017 3215 2066 3286 di-

544 3302 689 3393 rigantur
713 3297 927 3384 incorpora,
953 3315 1026 3383 quae
1049 3294 1157 3385 jacent
1174 3298 1209 3364 in
1232 3292 1428 3379 crucibulis,
1451 3298 1589 3388 patinis,
1615 3300 1667 3370 vei
1682 3304 1889 3377 carbonibus.
1936 3305 2064 3384 Modus

545 3389 688 3466 diversos
711 3390 880 3483 proposuit
912 3387 1004 3462 Nob.
1030 3390 1181 3465 Caffinua
1202 3393 1294 3486 (r)
1357 3411 1404 3463 tt.
1424 3393 1464 3466 Si
1490 3393 1571 3466 radii
1593 3418 1619 3467 a
1638 3396 1776 3490 speculo
1805 3402 1948 3477 caustico
1967 3409 2065 3500 repsi·

545 3493 610 3562 cati
626 3489 660 3562 in
682 3509 815 3582 parvum
832 3486 995 3580 specuium
1019 3489 1151 3582 pianum
1173 3491 1336 3578 incidant,
1361 3511 1472 3582 atquo
1488 3495 1583 3564 variis
1602 3501 1680 3566 'cum
1702 3499 1948 3590 obliquitatibus
1970 3503 2064 3575 deor-

545 3587 616 3660 sum
639 3589 674 3660 in
697 3607 839 3679 corpora
862 3587 958 3682 dirigi
989 3587 1129 3679 possunt.
1172 3608 1238 3661 aa
1274 3586 1425 3660 Veis-a
1452 3588 1586 3683 speculo
1609 3597 1801 3680 reverberati
1825 3598 1904 3668 radii
1926 3600 2067 3673 incidant

545 3687 581 3758 in
604 3687 759 3782 exiguum
781 3682 947 3776 specuium
974 3705 1157 3756 concavum·
1171 3687 1434 3774 parabolicum,
1469 3687 1533 3759 vel'
1550 3688 1827 3780 hyperbolicum,
1860 3695 1913 3765 vei
1937 3697 2066 3770 alterius

544 3785 709 3854 curvitatis
728 3801 770 3849 ex
790 3777 980 3868 hyperbolis
1008 3778 1136 3846 diversts
1164 3780 1413 3861 combustum,
1444 3801 1500 3852 aut
1532 3785 1565 3852 iu
1588 3787 1835 3875 hyperbolicum
1856 3811 2065 3866 convexum:

548 3875 745 3966 possuntque
760 3872 888 3962 specula
905 3871 976 3939 haec
994 3870 1132 3940 secunda
1148 3872 1230 3939 inter
1252 3870 1364 3941 focum
1385 3873 1423 3944 dt
1449 3875 1614 3964 specuium
1635 3901 1811 3977 magnum,
1835 3883 1887 3952 ves
1912 3887 1992 3956 uitta
2015 3889 2067 3961 so·

543 3991 621 4044 cum
648 3971 754 4137 proni,
777 3985 876 4060 arque
892 3969 941 4040 ita
958 3965 1044 4040 radii·
1060 3987 1123 4060 pro
1141 3964 1250 4040 lubitu
1272 3969 1440 4063 longoque
1466 3989 1615 4060 tempore
1638 3972 1733 4071 dirigi
1755 3980 1790 4048 in
1813 3977 1927 4046 eadem
1943 4001 2065 4072 corpo-

544 4087 651 4162 ra-po
677 4085 749 4140 unt.
1125 4113 1127 4120 -
1226 4119 1230 4128 .
1542 4129 1546 4136 .

593 4188 627 4291 §u
647 4189 896 4280 mncxxxt.
919 4190 1039 4290 Magni
1055 4187 1195 4268 'effestus
1215 4197 1252 4266 in
1274 4193 1354 4265 soco
1377 4194 1496 4289 speculi
1522 4194 1632 4268 ustorii
1654 4193 1813 4268 evincunt
1829 4193 1991 4270 radiorum
2013 4203 2064 4277 ιη.

544 4291 688 4378 centium
710 4291 940 4362 residentiam:
972 4311 1046 4360 nant
1066 4294 1123 4363 ubi
1142 4295 1227 4365 adio
1250 4314 1456 4383 corporum,
1487 4293 1533 4364 ibi
1556 4292 1601 4362 est
1624 4296 1744 4364 readio
1768 4293 1927 4374 aliorum,
1953 4298 2065 4391 estque

544 4389 631 4457 adso
661 4383 696 4458 u
722 4387 893 4459 residentia
917 4405 1051 4458 mutua:
1085 4388 1165 4461 ideo
1181 4411 1257 4461 non
1289 4389 1366 4459 iicet
1382 4411 1507 4481 ponere
1528 4388 1641 4483 Ignem
1663 4389 1714 4461 vel
1734 4388 1858 4462 Lucem
1881 4388 1944 4459 esse
1970 4395 2063 4468 Flui-

542 4481 752 4558 ‹iun-omnis
779 4483 959 4556 refluentia
984 4504 1127 4578 expers,
1163 4490 1238 4579 quia
1267 4486 1431 4582 ejusmodi
1454 4484 1589 4557 fluidum
1613 4509 1681 4559 non
1710 4489 1836 4580 operari
1862 4490 1894 4557 in
1922 4509 2061 4580 corpora

1731 4661 1736 4670 ,
1882 4635 1887 4644 ‚
1936 4587 2059 4679 posset,

614 4768 678 4848 (ι)
699 4771 866 4851 Pbiiosoph.
888 4777 1053 4839 Britannica
1074 4746 1162 4842 Tem.
1185 4796 1213 4841 a.
1236 4767 1303 4858 pag.
1328 4797 1394 4855 ¹⁴4·

618 4850 675 4923 (b)
694 4852 805 4914 L’Hist.
827 4855 864 4913 de
885 4856 992 4920 ructo.
1014 4860 1279 4942 R07·,A³·;1105·
1300 4877 1366 4939 pag.
1387 4875 1437 4936 43·

619 4930 676 5008 (r)
697 4930 811 4994 L'flist.
833 4933 870 4993 de
891 4933 1176 5014 smannens.
1199 4935 1570 5048 ¹⁷⁴t·.1²{⁸r,²'.⁵·..-·...
1765 5013 1768 5018 ,
