4992 6767
462 3826 468 3834 ’
548 3827 586 3897 fit
612 3829 750 3895 tenuior.

552 726 639 815 ιιι
803 686 904 773 uu
962 682 1323 773 ouvansn
1378 679 1845 816 anulorum·

558 912 631 970 tur,
656 903 795 976 quorum
818 880 946 950 colores
973 876 1151 948 discernere
1176 899 1244 948 non
1268 877 1379 967 potui,
1406 878 1481 964 quia
1503 874 1613 943 annuli
1633 877 1674 943 ab
1698 899 1779 965 aqua
1800 882 1999 978 obteguntur
2018 887 2078 960 ali.

561 1002 739 1077 quantum,
762 997 819 1048 aut
845 978 878 1046 in
904 975 970 1066 ipsa
990 996 1073 1064 aqua
1097 974 1307 1055 formantur,
1331 974 1366 1041 in
1387 994 1451 1061 qua
1477 974 1582 1042 minor
1606 972 1642 1041 fit
1668 974 1827 1045 radiorum
1851 1000 1891 1049 ex
1914 985 1999 1055 vitro
2022 1008 2080 1057 ex.

558 1081 706 1152 euntium
729 1074 894 1153 restauro,
919 1093 1015 1158 quarn
1041 1092 1081 1141 ex
1105 1076 1189 1141 uitro
1210 1074 1244 1141 in
1267 1072 1374 1139 adrem
1400 1090 1485 1159 aqua
1504 1092 1524 1138 a
1545 1070 1628 1138 vitro
1652 1072 1746 1139 nimis
1769 1079 1895 1165 attracta
1914 1081 2082 1156 lanienam

561 1176 647 1269 saepe
672 1171 852 1247 crassiorem
876 1168 972 1254 sarit,
997 1189 1095 1258 quam
1119 1188 1155 1241 ut
1179 1169 1221 1239 ab
1245 1188 1284 1237 ea
1305 1166 1416 1237 annuli
1440 1165 1577 1237 colorati
1601 1165 1791 1239 formentur.
1887 1198 1892 1220 ι

560 1280 569 1297 ⁶
611 1320 643 1417 q.
669 1310 1026 1390 MDCCCXXXIV.
1053 1313 1086 1383 Si
1105 1331 1213 1382 autem
1238 1313 1293 1382 uni
1315 1310 1393 1381 lenti
1415 1331 1539 1406 guttam
1565 1313 1704 1400 amplam
1727 1312 1863 1401 Spiritus
1885 1314 1961 1391 Vini
1986 1329 2087 1397 redii.

560 1420 649 1494 ficati
673 1415 841 1508 injeceris,
866 1411 984 1481 deinde
1008 1408 1139 1480 alteram
1168 1409 1288 1480 lentem
1311 1407 1518 1499 imposueris,
1546 1406 1580 1476 dt
1604 1407 1745 1479 violente
1768 1414 1929 1503 utrimque
1952 1419 2086 1498 duobus

551 1517 672 1613 'digitis
700 1514 801 1604 priori
823 1506 1029 1601 apprelleris,
1054 1524 1144 1603 gutta
1172 1505 1348 1577 admodum
1370 1506 1402 1576 in
1422 1504 1595 1575 rotundum
1618 1505 1780 1577 dilatatur:
1807 1507 1856 1577 his
1879 1510 2021 1588 lentibus
2047 1543 2085 1593 o-

560 1615 679 1704 blique
702 1610 744 1680 ad
767 1608 880 1678 Solum
906 1604 1085 1689 inclinatis,
1110 1604 1201 1701 digiti
1225 1604 1404 1693 superiores
1433 1603 1684 1692 comprimentes
1702 1604 1899 1692 aliquanmm
1915 1610 2084 1707 laxentur,

561 1709 731 1781 inferiores
765 1704 879 1775 fortius
907 1705 1152 1793 comprimant,
1187 1720 1257 1771 turn
1290 1700 1415 1791 spiritus
1448 1701 1644 1790 interceptus
1669 1701 1710 1770 ad
1734 1700 1841 1772 locum
1865 1710 2083 1802 angustiorem

462 1827 467 1837 ’
562 1806 679 1878 fortius
697 1804 817 1875 nasius
842 1798 1120 1884 &descendens,
1146 1798 1288 1873 sednon
1313 1800 1442 1888 penitus
1467 1797 1651 1887 relinquens
1677 1797 1885 1887 superficies,
1919 1828 2000 1894 quas
2025 1812 2083 1884 hu.

467 1891 470 1895 ⁵
562 1905 733 1988 mediavit,
759 1922 850 1971 arcus
876 1899 983 1990 plures
1008 1896 1171 1967 latissimos
1194 1895 1359 1967 coloratos
1384 1894 1530 1965 diametri
1554 1914 1586 1985 3.
1613 1894 1772 1984 pollicum
1799 1899 1988 1989 relinquet:
2021 1907 2084 1981 ho·

557 2023 633 2074 rum
656 1998 849 2069 annulorum
875 1994 1000 2065 nullum
1028 1993 1088 2064 fnit
1111 1993 1307 2088 vestigium,
1342 1993 1474 2082 quando
1504 2010 1593 2087 gutta
1616 2012 1683 2062 erat
1705 1997 1738 2063 in
1766 1997 1875 2066 medio
1897 1998 1977 2070 loco
2001 2006 2083 2080 inter

557 2097 682 2171 lentes:
709 2094 762 2165 sed
781 2096 901 2163 variato
930 2091 1032 2182 prellu
1054 2091 1252 2183 superiorum
1275 2088 1310 2161 dt
1337 2088 1524 2160 inferiorum
1548 2089 1744 2183 digitorum,
1771 2113 1838 2181 quo
1853 2097 2017 2170 intervalla
2033 2107 2082 2177 in·

558 2214 610 2268 ter
635 2196 738 2264 lentes
762 2192 844 2260 fiunt
867 2209 954 2258 nunc
973 2188 1156 2275 ampliora,
1191 2209 1278 2257 nunc
1310 2185 1493 2279 angustiora
1522 2207 1619 2273 quarn
1647 2207 1747 2269 ante,
1782 2189 1891 2277 plures
1914 2198 2023 2267 annuli
2046 2204 2080 2273 iri

554 2292 771 2377 conspesiunt
795 2287 974 2374 prodeunt:
1003 2284 1117 2350 similes
1140 2284 1263 2350 annuli·
1276 2284 1373 2369 ampli
1404 2278 1439 2348 dt
1462 2283 1515 2351 lati
1536 2282 1672 2352 colorari
1694 2288 1862 2375 oriuntur,
1886 2290 1920 2358 fi·
1935 2293 2083 2370 lixivium

557 2388 700 2476 saponis
725 2384 809 2478 nigri
833 2384 916 2450 inter
941 2380 1066 2449 hiantes
1090 2377 1209 2448 limbos
1234 2377 1412 2468 superiores
1436 2377 1571 2448 lentium
1594 2378 1770 2465 effuderis,
1804 2381 1839 2453 dt
1863 2384 1978 2459 deinde
2002 2414 2082 2469 cnm

553 2484 700 2555 mediam
723 2500 846 2570 partem
872 2478 1006 2546 lentium
1029 2478 1258 2565 occupaverit,
1281 2476 1410 2545 alternis
1433 2476 1557 2545 vicibus
1581 2475 1734 2547 laxaveris
1761 2479 1881 2575 digitos
1902 2479 2081 2578 superiores

551 2582 749 2660 ·inseriores;
775 2596 845 2645 tum
869 2576 924 2643 ubi
949 2577 1051 2669 magis
1074 2574 1163 2643 hiant
1184 2573 1288 2642 lentes
1311 2576 1343 2642 in
1366 2569 1601 2643 adhaerescente
1631 2572 1858 2663 superficiebus
1877 2579 1991 2657 lixivio
2014 2593 2080 2661 ori.

550 2695 655 2747 untur
674 2673 804 2755 annuli,
831 2672 952 2760 reliqua
977 2672 1076 2739 lixivii
1101 2690 1190 2760 parte
1214 2670 1256 2738 ad
1280 2668 1392 2768 locum
1416 2670 1532 2738 arsiius
1556 2669 1773 2762 compressum
1797 2674 1959 2754 affluente.
1985 2733 1992 2746 .
2026 2730 2028 2734 -

603 2772 792 2862 Aliquando
807 2770 987 2862 contingit,
1015 2766 1086 2837 utsr
1107 2768 1211 2837 lentes
1226 2764 1346 2836 suerint
1368 2762 1637 2856 Telescopiorum
1661 2790 1741 2837 roo.
1765 2772 1909 2861 pedum,
1934 2793 2015 2871 quaa·
2025 2773 2080 2858 diu

555 2871 648 2942 srccae
668 2868 859 2961 jacuerunt,
885 2861 919 2933 dt
941 2865 1039 2935 altera
1068 2866 1157 2935 alteri
1183 2866 1391 2953 imponatur,
1416 2864 1524 2930 annuli
1548 2862 1684 2933 colorati
1708 2888 1776 2938 non
1799 2874 1964 2945 oriannrr:
1988 2879 2081 2953 lenti.

555 2970 618 3037 bus
641 2966 741 3035 linteo
768 2965 853 3032 seco
877 2957 910 3028 dt
939 2983 1022 3046 puro
1050 2959 1220 3038 abstersis,
1253 2979 1295 3025 ne
1317 2957 1423 3026 adbuc
1454 2958 1585 3046 quidem
1606 2959 1786 3035 sormantur
1808 2970 1947 3045 annuli:
1980 2976 2079 3051 sedfi

555 3083 625 3132 tum
650 3064 752 3150 probe
772 3057 881 3144 spiriru
896 3047 973 3121 Vini
998 3052 1159 3134 laventur,
1184 3050 1436 3126 mundentur&
1462 3052 1563 3126 linteo
1590 3079 1671 3148 pure
1693 3060 1931 3158 abstergantur,
1957 3092 2080 3149 extem.

555 3157 615 3246 plo
637 3152 746 3221 annuli
772 3148 906 3217 colorati
930 3150 963 3214 in
987 3149 1065 3217 loco
1088 3147 1254 3216 conradus
1277 3152 1448 3219 orientur:
1482 3153 1573 3241 quod
1594 3157 1704 3227 annuli
1726 3180 1793 3230 non
1814 3166 2008 3257 prodeunt,
2032 3178 2076 3245 vi.

501 3334 508 3342 ,
554 3251 649 3321 detur
672 3245 816 3334 pendere
838 3245 989 3331 partimi
1014 3244 1159 3313 sordibus
1178 3246 1305 3331 adreis,
1338 3268 1411 3335 quae
1440 3253 1595 3340 temporis
1618 3252 1824 3328 diuturnitate
1847 3260 2076 3352 superficiebus

547 3355 789 3419 accreverunt,
817 3340 932 3428 partim
954 3342 1029 3428 quia
1051 3339 1166 3421 Sales,
1199 3343 1315 3410 vitrum
1342 3363 1602 3435 componentes,
1628 3349 1826 3442 aliquantum
1852 3355 2071 3456 efflorescunt,

551 3439 758 3525 maculasque
780 3434 938 3521 formant,
964 3458 1043 3527 quas
1068 3456 1193 3507 attento
1226 3441 1344 3508 obtutu
1369 3455 1493 3512 tantum
1522 3445 1673 3540 deteges:
1698 3446 1769 3519 lraec
1794 3447 1862 3524 duo
1892 3455 2071 3558 superficies

545 3538 686 3609 lentium
704 3529 873 3624 asperam,
899 3534 982 3602 adeo
1005 3553 1041 3603 ut
1062 3533 1152 3603 alteri
1174 3536 1331 3626 impolitae
1361 3539 1462 3607 nimio
1486 3537 1579 3611 distet
1602 3543 1771 3616 intervallo
1786 3545 1814 3633 ,'
1833 3574 1934 3642 quam
1957 3580 1992 3630 ut
2015 3583 2072 3635 co·

547 3633 638 3705 iores
659 3633 835 3702 orianturd
860 3628 985 3700 lamelld
1009 3631 1240 3721 interjacente:
1268 3631 1412 3704 sordibus
1435 3637 1537 3707 sireis
1560 3635 1595 3708 dt
1620 3635 1681 3710 sale
1706 3641 1874 3737 abstersis,
1902 3657 2071 3745 politiores

549 3730 623 3800 sunt
647 3728 848 3817 sutrcrficies,
875 3723 910 3795 dt
933 3726 1091 3816 impolita
1114 3727 1145 3797 se
1167 3732 1303 3819 propius
1325 3732 1538 3826 contingunt,
1564 3756 1601 3808 ut
1625 3736 1752 3811 lamella
1773 3749 1866 3818 aerea
1880 3753 2072 3845 interjacens

598 3958 629 4053 §-
655 3955 993 4030 MDCCCXXXV.
1026 3959 1061 4031 Si
1081 3962 1115 4032 in
1141 3962 1253 4034 locum
1274 3965 1445 4040 obscurum
1472 3969 1558 4045 Solis
1584 3977 1692 4049 radius
1714 3980 1814 4049 tenuis
1836 3979 1867 4051 se
1890 3985 2067 4079 infuderit,

549 4061 606 4150 qui
631 4059 782 4148 prismate
804 4059 836 4125 in
862 4058 1045 4127 coloratum
1070 4056 1228 4149 spatarum
1252 4063 1433 4162 oblongum
1453 4064 1485 4163 i.
1517 4073 1619 4162 1798.
1645 4074 1697 4145 vel
1722 4073 1754 4164 5.
1781 4075 1883 4169 1803.
1909 4082 1947 4150 sir
1963 4083 2068 4159 secte·

547 4177 627 4241 ms3
662 4175 759 4245 atque
778 4157 812 4226 in
833 4152 939 4223 tabula
960 4153 1086 4245 jaceant
1109 4155 1211 4229 lentes
1234 4159 1490 4258 longillimorum
1517 4166 1765 4263 telescopiorum
1788 4174 2000 4269 eonjunaae,
2033 4188 2065 4258 in

546 4256 665 4345 quibus
688 4253 798 4323 annuli
818 4252 954 4322 colorati
978 4248 1010 4347 ς.
1041 4254 1143 4344 1831.
1169 4277 1378 4350 comparent:
1411 4283 1480 4336 tum
1502 4264 1678 4362 dirigantur
1703 4269 1817 4362 spediri
1841 4276 1973 4349 colores
1998 4280 2065 4353 suc·

544 4351 659 4421 cellite
684 4352 716 4418 in
741 4348 878 4419 annulos
901 4347 1068 4436 lentium,
1101 4373 1185 4443 quos
1208 4353 1366 4444 speetnor
1386 4361 1521 4452 oblique
1546 4364 1733 4459 intueatur,
1766 4389 1805 4439 ac
1826 4368 1847 4439 n
1870 4393 1912 4442 ex
1934 4361 2064 4467 speculo

546 4448 703 4515 redditam
725 4446 832 4516 lucem
858 4444 1074 4534 exspcsiaret,
1100 4466 1167 4518 tum
1191 4453 1300 4521 annuli
1328 4456 1361 4524 in
1383 4456 1523 4529 lentibus
1542 4464 1780 4535 numerosiores
1802 4488 1987 4560 apparent,
2012 4473 2064 4548 sed

543 4540 745 4628 ejusdemne
766 4542 993 4627 antecoloris,
1018 4549 1093 4634 quia
1116 4545 1244 4617 colores
1269 4547 1340 4620 sant
1362 4554 1577 4628 immutabiles
1602 4563 1635 4631 in
1652 4563 1747 4632 radiis
1767 4561 2007 4661 homogeneis:
2031 4576 2062 4645 in

546 4637 665 4727 quibus
689 4638 769 4707 locis
794 4639 903 4710 annuli
925 4663 1018 4712 antea
1033 4643 1208 4728 dillabant,
1233 4666 1320 4718 nunc
1337 4650 1464 4744 nigritia
1478 4655 1544 4741 est,
1571 4658 1748 4730 transeunte
1763 4666 1853 4731 omni
1868 4664 1964 4739 lucer
1989 4672 2062 4743 ideo

543 4735 568 4806 fi
594 4733 651 4818 sub
672 4733 812 4806 lentibus
831 4737 1030 4828 aliquantum
1054 4761 1073 4809 a
1096 4741 1202 4812 tabula
1223 4739 1328 4833 jaceat
1349 4747 1457 4824 charta
1479 4752 1580 4837 alba,
1615 4758 1646 4827 in
1679 4757 1762 4828 hanc
1786 4759 1899 4833 circuli
1928 4768 2060 4839 colorati

539 4832 711 4914 incidunt,
736 4832 755 4901 i
781 4834 854 4903 luce
875 4856 1060 4924 permeante
1082 4838 1228 4911 sormati:
1256 4841 1276 4912 fi
1298 4845 1539 4934 quiescentibus
1560 4851 1731 4942 lentibus,
1756 4858 1867 4929 annuli
1891 4861 2060 4955 cujuscun-

537 4950 610 5023 que
632 4928 770 5014 colorati
792 4929 964 5027 superioris
987 4932 1143 5016 diameter
1171 4940 1205 5016 in
1228 4959 1320 5036 parte
1342 4947 1449 5021 media
1470 4947 1694 5031 mensuretur:
1727 4974 1797 5032 turn
1818 4965 2060 5055 comperiuntur

1221 5071 1228 5112 ;
1984 5078 2062 5153 qua·
