4992 6767
541 670 627 766 824
947 587 1666 727 DEAERE.

546 850 584 925 dt
607 844 765 922 retardare
788 839 950 933 projesta,
974 857 1012 905 ac
1034 832 1239 925 qualitatibus
1265 837 1414 922 operati,
1441 853 1514 921 quae
1539 828 1647 900 fluidis
1670 828 1865 918 corporibus
1889 826 2070 903 suntcom·

543 951 682 1022 muniat
712 939 860 1011 diffluens
886 939 981 1031 igitur
1010 934 1081 1005 A'e'r
1105 930 1348 1021 quoquoversus
1372 929 1507 1000 Terram
1535 929 1576 998 ab
1603 928 1692 997 omni
1717 944 1807 1015 parte
1833 929 1866 996 in
1893 927 2073 1020 rotundum

546 1046 712 1125 ambibit,
736 1036 842 1108 donec
867 1034 1010 1121 undique
1033 1030 1069 1098 stt
1098 1032 1130 1096 in
1157 1027 1349 1116 aequilibrio.
1400 1024 1486 1097 Haec
1511 1027 1621 1097 omnia
1646 1025 1718 1096 Aer
1742 1021 1894 1113 praestat,
1919 1028 1997 1116 quia
2021 1025 2072 1097 est

549 1163 691 1233 corpus,
715 1135 784 1204 aliis
808 1132 1002 1220 corporibus
1025 1123 1151 1195 simile:
1180 1120 1214 1191 dt
1239 1125 1315 1211 quia
1338 1122 1479 1194 soliditas
1500 1122 1546 1192 est
1569 1123 1756 1193 attributum
1782 1141 1992 1212 corporum,
2017 1144 2072 1193 re·

550 1238 717 1314 bibentia,
748 1253 821 1321 quae
848 1228 947 1296 estin
968 1228 1068 1306 aire,
1101 1240 1176 1289 eum
1202 1239 1402 1308 corporeum
1435 1217 1498 1290 ell'e
1519 1220 1684 1309 praeeipue
1715 1220 1870 1287 evincet:
1902 1218 1974 1292 baec
1998 1218 2075 1292 resi·

550 1337 664 1408 stentia
686 1326 940 1404 demonstratur,
966 1320 987 1389 sr
1011 1339 1064 1390 vas
1093 1319 1229 1386 vitreum
1251 1314 1405 1405 superiori
1429 1336 1520 1407 parte
1544 1314 1713 1400 clausurn,
1738 1311 1884 1385 inferiori
1904 1335 2078 1406 apertum,

551 1451 683 1527 patente
706 1424 781 1521 gula
807 1440 900 1510 aquae
924 1418 1009 1486 resia
1032 1416 1183 1483 immittas
1204 1413 1458 1504 deprimasque,
1492 1432 1560 1482 tum
1587 1431 1703 1501 aquam
1733 1430 1869 1501 propter
1892 1414 2003 1483 aerem
2026 1415 2076 1486 in·

554 1547 681 1601 ternum
707 1519 922 1606 reddentem,
948 1513 989 1582 ad
1013 1513 1173 1581 minorem
1197 1510 1399 1582 altitudinem
1425 1508 1614 1605 pergulam
1640 1531 1694 1580 vas
1718 1506 1866 1600 ingredi,
1893 1531 1991 1600 quum
2019 1531 2077 1580 ex.

553 1622 708 1694 trinsecus
729 1617 859 1699 ambit,
889 1631 1027 1682 cernes:
1061 1627 1115 1678 aut
1147 1607 1169 1676 fi
1197 1609 1230 1677 in
1265 1608 1430 1702 angustam
1452 1606 1575 1701 lagenae
1599 1604 1710 1699 gulam
1734 1600 1918 1675 festinanter
1942 1607 2077 1695 Aquam

553 1718 705 1811 injicies,
736 1714 791 1782 adr
812 1731 904 1799 aquae
928 1707 1056 1778 intranti
1079 1703 1227 1789 resistet,
1259 1703 1476 1795 allapsamque
1500 1702 1557 1773 sub
1581 1700 1686 1770 forma
1712 1699 1871 1772 bullarum
1895 1699 2004 1787 efflat,
2036 1724 2076 1774 ut

552 1815 621 1888 sere
640 1811 720 1884 nihil
743 1806 883 1879 influat:
908 1803 1041 1875 flabello
1062 1801 1214 1873 celeriter
1236 1822 1295 1890 per
1316 1803 1423 1871 adrem
1450 1820 1573 1882 moto,
1598 1796 1769 1867 resistentia
1796 1795 1955 1882 sentitur,
1979 1818 2016 1867 ut
2039 1798 2077 1870 dt

555 1934 632 1987 cum
654 1914 687 1986 in
712 1906 837 1980 vultum
862 1899 1061 1996 impellitur:
1095 1895 1266 1969 manifesta
1297 1897 1344 1969 est
1377 1899 1472 1968 etiam
1493 1900 1527 1965 in
1550 1893 1656 1964 antliis
1679 1892 1791 1965 claufis
1815 1894 1963 1969 adversus
1986 1916 2080 1968 com·

555 2006 698 2106 pressum
717 2002 887 2076 embolum
914 1998 1096 2071 resistentia.
1588 2053 1590 2058 ,

605 2143 639 2239 ς.
662 2136 877 2212 MMXLVI.
904 2135 1023 2234 Omnis
1054 2133 1119 2203 Αὲι
1144 2131 1280 2201 Terram
1309 2129 1477 2219 amplexus
1508 2129 1601 2199 srmul
1635 2150 1708 2200 cum
1732 2129 1879 2202 univerfis
1904 2131 2084 2204 innatanti-

555 2246 618 2313 bus
641 2236 834 2325 corporibus
860 2229 1089 2319 Atmasphaera
1115 2224 1287 2319 diatrestris
1311 2226 1502 2316 appellatur.

602 2370 638 2461 S·
663 2360 895 2438 MMXLVH·
921 2356 1007 2455 Quae
1030 2364 1239 2449 componitur
1265 2379 1306 2427 ex
1330 2357 1449 2449 Aere,
1485 2359 1694 2448 vaporibus,
1726 2378 1767 2428 ex
1791 2358 1906 2429 salibus
1930 2361 2086 2452 diversis,

558 2469 608 2543 uri
631 2465 693 2538 sale
716 2460 912 2541 communi3
945 2477 1021 2527 narn
1042 2477 1083 2526 ex
1107 2459 1207 2545 Aqua
1230 2458 1324 2525 aerea
1345 2454 1398 2525 Sal
1420 2457 1556 2525 cubicus
1578 2455 1689 2550 colligi
1708 2455 1813 2546 potest
1839 2454 1932 2548 (a).
1993 2460 2081 2533 Tum

557 2564 688 2639 constat
708 2561 804 2630 etiam
829 2577 871 2625 ex
893 2553 966 2624 Sale
989 2553 1105 2637 acido,
1131 2555 1243 2637 tenui,
1269 2573 1375 2641 puro,
1400 2553 1566 2622 virriolicre
1590 2571 1732 2635 naturae,
1757 2554 1813 2640 qui
1836 2551 1944 2624 Salem
1960 2555 2084 2629 Tartari

560 2664 621 2735 -sub
644 2661 701 2731 dio
721 2655 861 2747 postum
885 2652 981 2722 vertit
1009 2652 1041 2718 in
1063 2649 1233 2720 Tartarum
1260 2648 1483 2735 vitriolatum,
1511 2649 1705 2738 metallaque
1731 2647 1904 2735 exedens,
1934 2658 2028 2723 vertit
2051 2657 2087 2726 in

562 2759 769 2850 rubiginem:
803 2770 872 2817 tum
892 2746 1016 2818 constat
1037 2767 1078 2815 ex
1105 2746 1390 2830 exhalationibus,
1426 2747 1488 2816 srve
1510 2747 1656 2835 partibus
1678 2741 1878 2816 subtilissimis
1901 2747 2086 2824 volatilibus

562 2856 714 2928 omnium
739 2864 916 2936 corporum
937 2841 1139 2913 ‘terrestrium
1168 2866 1209 2914 ex
1240 2845 1341 2912 tribus
1363 2841 1518 2937 Regnis,
1552 2841 1587 2912 dt
1612 2863 1680 2911 non
1705 2861 1829 2911 tantum
1856 2865 1926 2933 quae
1950 2844 2023 2916 sunt
2047 2851 2083 2920 in

564 2947 757 3041 superficie,
783 2942 838 3012 sed
862 2943 958 3010 etiam
981 2942 1014 3008 in
1037 2941 1158 3009 intimis
1184 2939 1217 3008 T
1217 2960 1297 3008 ertae
1319 2941 1514 3023 visceribus,
1539 2939 1602 3009 five
1625 2957 1765 3034 corpora
1791 2937 1900 3026 sinna,
1924 2941 1989 3012 sive
2008 2943 2084 3016 llui·

565 3044 767 3123 d²fueri¹113
793 3060 828 3107 ¹11
854 3032 888 3104 ἃ
912 3055 953 3103 0¹
977 3037 1074 3127 igne,
1101 3036 1164 3103 ssve
1185 3034 1301 3114 Solis,
1329 3033 1532 3119 Allrorum,
1558 3033 1761 3105 incensorum
1787 3054 1986 3108 terrenorum
2010 3062 2088 3114 eor.

565 3161 706 3240 pertun,
731 3136 794 3205 five
817 3133 1023 3200 subterraneo
1046 3149 1235 3219 erumpente
1260 3126 1295 3198 δι
1317 3129 1548 3201 adscendente:
1575 3151 1643 3201 turn
1668 3127 1703 3201 dt
1728 3150 1770 3201 ex
1788 3130 1894 3203 fluido
1911 3133 2086 3229 eiedtic03

567 3259 610 3309 ex
632 3228 833 3323 corpusculis
856 3226 1009 3295 humores
1033 3246 1156 3315 aqueus
1177 3227 1211 3297 in
1235 3225 1377 3321 ¹glaciem
1407 3231 1631 3313 vertentibus,
1665 3248 1706 3298 ex
1736 3231 1769 3300 vi
1800 3234 1984 3327 magnetica
2014 3240 2086 3308 uni-

566 3328 709 3412 versali3
744 3323 779 3394 dt
809 3321 895 3392 haud
925 3319 1024 3389 dubie
1052 3341 1094 3391 ex
1122 3322 1232 3393 multis
1258 3323 1328 3394 aliis
1361 3323 1529 3415 hucusque
1552 3327 1727 3421 incognitis
1747 3327 1980 3418 corpusculis;
2012 3355 2086 3422 quae

569 3428 681 3503 0m⁰5²
706 3419 859 3493 differunt
890 3419 1072 3502 tenuitate,
1105 3419 1286 3504 ἆθῡίῑῑθῑθ,
1318 3420 1491 3512 pondere,
1524 3422 1738 3509 elasticirate,
1763 3422 1897 3537 figura,
1927 3428 2087 3524 agilitate,

569 3513 996 3612 alii“1¹¹0limpidis-libs&
1020 3537 1156 3605 quarum
1179 3517 1288 3612 plures
1310 3516 1457 3614 diligenti
1482 3520 1707 3592 observatione
1733 3521 1837 3592 indies
1860 3543 2030 3598 eruuntur.

586 3685 588 3689 -
627 3639 659 3740 5.
691 3635 939 3712 MMXLVllI.
972 3637 1136 3712 Nonnulli
1165 3659 1271 3713 toturn
1301 3639 1367 3712 boc
1398 3645 1613 3737 compositum
1643 3642 1781 3715 fluidum
1810 3666 1929 3721 vocant
1954 3655 2090 3730 Aerem.

572 3740 639 3820 Sed
661 3760 703 3810 au
723 3758 790 3808 non
812 3734 871 3820 id,
897 3735 989 3824 quod
1012 3740 1142 3829 proprie
1163 3739 1209 3808 est
1231 3738 1333 3818 Ast,
1367 3739 1413 3808 est
1436 3738 1573 3812 fluidum
1601 3743 1646 3812 sui
1671 3742 1826 3835 generis,
1859 3754 2094 3844 emporibus,

569 3837 695 3938 Luce,
721 3830 962 3912 Eleoricitate,
987 3829 1097 3924 Igne,
1122 3832 1257 3923 aliisque
1283 3833 1433 3904 admixtis
1454 3838 1711 3910 exhalationibus
1734 3837 1943 3936 distinctum,
1972 3846 2010 3920 dt
2035 3873 2093 3923 co·

569 3926 802 4029 .gnoscendurn
826 3946 867 3996 ex
892 3929 1028 4019 propriis
1051 3928 1308 4014 charasleribus,
1333 3932 1452 4002 etiamsi
1480 3956 1566 4006 nunc
1588 3938 1782 4007 cunslorum
1806 3939 1997 4013 terrestrium
2019 3969 2095 4020 cor·

574 4046 695 4124 porum
716 4020 882 4136 particulis
905 4023 942 4093 fit
961 4021 1112 4097 refertum
1138 4019 1429 4117 &inquinaturus
1467 4028 1507 4101 ld
1531 4054 1598 4103 non
1621 4032 1806 4104 destitutum
1826 4033 1870 4104 ell
1893 4041 2088 4130 verosmili3

577 4125 654 4215 quia
684 4142 732 4192 ιο.
755 4121 826 4191 Aer
849 4141 950 4213 purus
972 4120 1141 4192 metallicis
1163 4125 1310 4196 vitreisve
1334 4125 1412 4196 vasrs
1431 4127 1602 4214 inclusus,
1627 4130 1713 4200 idem
1740 4126 1776 4199 dr
1797 4132 1984 4214 immutatus
2011 4138 2097 4212 sem·

573 4241 636 4328 per
660 4216 803 4314 perstat3
838 4220 881 4286 ita
903 4238 1012 4288 autem
1035 4240 1171 4316 vapores
1190 4223 1368 4314 comparati
1394 4243 1460 4295 non
1482 4223 1578 4312 sunt,
1604 4230 1662 4317 qui
1688 4226 1829 4297 calentes
1856 4233 1927 4306 sunt
1950 4233 2095 4321 elallici,

579 4315 790 4482 frigescentes
813 4312 1030 4385 elastieitatem
1055 4336 1208 4398 exuunt,
1240 4318 1392 4390 lareribus
1410 4319 1554 4391 vasorum
1582 4341 1821 4417 apponuntur,
1856 4328 2079 4407 adhaerescunt

573 4411 622 4483 'de
648 4431 750 4491 uum,
774 4412 808 4478 in
835 4405 964 4480 massam
988 4410 1149 4483 redeunt:
1174 4413 1217 4480 ita
1242 4433 1279 4482 ut
1301 4414 1399 4499 vasa,
1425 4440 1498 4508 quae
1522 4440 1615 4490 antea
1640 4422 1704 4493 hoc
1728 4441 1849 4513 vapore
1874 4427 2005 4500 elallico
2029 4386 2099 4524 ple:

581 4529 624 4577 na
649 4509 807 4587 fuerunt,
839 4501 948 4595 postea
970 4508 1057 4598 quali
1080 4530 1179 4581 vacua
1199 4508 1282 4578 fint:
1322 4511 1393 4580 A'e'r
1421 4536 1538 4605 aquarn
1568 4538 1753 4612 perreptans
1787 4518 1891 4596 bullas
1914 4523 2033 4598 format
2058 4549 2098 4600 ex

577 4599 751 4709 ¹superficie
773 4597 959 4690 evolantem
984 4603 1038 4677 sed
1062 4604 1172 4677 calens
1192 4626 1293 4701 vapor
1317 4627 1358 4681 ex
1383 4611 1485 4683 rostro
1511 4612 1684 4711 AEolipilae
1706 4635 1899 4718 erumpens,
1924 4625 2098 4715 aeremque

2001 4744 2099 4797 aemu·

626 4886 685 4974 (e)
705 4890 831 4970 Juucbrt
853 4891 1003 4972 conspe&
1025 4894 1129 4964 chen.
1149 4901 1237 4965 Tun.
1255 4917 1280 4966 1.
1302 4919 1368 4984 pag.
1386 4909 1453 4982 845.
1472 4906 1580 4971 Modtl
1602 4909 1639 4974 de
1660 4913 1771 4979 Bortte
1789 4933 1858 4996 pte.
1874 4932 1924 4990 ις.
