4992 6767
856 677 1021 785 aa:
1085 677 1174 783 '²1
1233 589 1485 787 aab.
1849 687 1936 812 ta·

399 982 474 1036 rato
497 931 712 1028 Mercurium¹
724 909 826 1056 55}
860 942 1014 1041 gradibus
1029 918 1154 1017 subo.
1180 945 1297 1037 hyeme
1328 943 1536 1018 descendisse.
1587 945 1625 1018 ln
1647 943 1839 1043 Kirengeast
1854 955 1926 1019 mu'·

398 1111 570 1187 nimenta,
604 1098 710 1171 Anno
742 1095 862 1191 1738,
892 1093 946 1162 die
983 1112 1036 1162 10.
1065 1090 1229 1164 Februarii
1257 1091 1338 1163 hora
1371 1095 1404 1165 8.
1438 1097 1594 1167 matutina
1626 1095 1837 1167 descenderat
1862 1115 1921 1188 72.

453 1201 547 1273 dibus
570 1197 628 1268 sub
653 1218 693 1267 0:
718 1194 771 1265 die
799 1212 856 1284 23.
881 1191 1034 1287 gradibus
1059 1209 1118 1284 73.
1138 1191 1195 1260 sub
1216 1213 1250 1261 0.
1302 1192 1403 1262 Anno
1433 1195 1535 1286 ¹73⁶·
1556 1194 1609 1265 die
1639 1216 1692 1264 11.
1723 1187 1923 1268 Decembris

411 1303 457 1371 ult
488 1319 547 1390 90.
579 1291 668 1391 grad.
696 1289 777 1364 insta
809 1311 844 1360 0.
903 1288 1005 1361 Anno
1038 1308 1141 1382 ¹737·
1175 1285 1419 1382 Januariofuit
1448 1291 1633 1386 99·.gr²d·
1661 1291 1776 1376 subo.
1804 1289 1928 1374 deinde'

402 1417 486 1491 107,
511 1415 566 1487 ¹3·
589 1394 645 1465 lirb
670 1413 703 1461 0.
725 1410 793 1461 tum
820 1407 898 1480 ¹¹3·
918 1387 977 1477 65.
1001 1383 1059 1454 sub
1083 1407 1118 1455 o.
1171 1389 1275 1457 Anno
1309 1389 1412 1478 1735·
1436 1385 1571 1480 Jeniseae
1600 1391 1656 1470 sub
1689 1392 1781 1462 initio
1803 1387 1925 1484 Janua·

399 1497 437 1565 rii
462 1513 529 1563 erat
554 1496 692 1562 immane
713 1487 832 1584 frigus,
858 1486 950 1575 quod
974 1483 1016 1554 ab
1041 1481 1121 1552 hora
1145 1483 1177 1553 8.
1191 1503 1194 1538 τ
1208 1487 1363 1553 matutina
1386 1504 1489 1574 usque
1512 1486 1554 1555 ad
1576 1487 1688 1558 horam
1713 1489 1746 1560 6.
1764 1487 1836 1580 post
1853 1509 1924 1558 me·

399 1591 514 1662 ridienr
539 1587 702 1680 perstitit,
735 1604 873 1675 tumque
896 1582 972 1655 suit·
987 1577 1174 1652 Mercurius
1202 1581 1352 1672 120576.
1385 1581 1474 1675 grad.
1499 1582 1555 1653 sub
1586 1606 1620 1653 ο.
1670 1577 1923 1681 Quanntmsub

399 1686 605 1758 aulierilftmo
635 1683 717 1756 caelo
749 1683 873 1754 Sibiriae
899 1679 936 1752 stt
958 1675 1078 1772 frigus,
1103 1679 1179 1746 inde
1203 1678 1395 1771 colligitur,
1420 1680 1513 1766 quod
1534 1703 1619 1770 aqua
1642 1703 1684 1753 ex
1708 1682 1783 1778 gula
1807 1681 1927 1772 phiale

399 1788 549 1881 guttatim
577 1781 696 1865 effusa,
720 1779 840 1877 glacies
865 1775 929 1860 fit,
960 1795 1133 1864 antequam
1156 1778 1189 1844 in
1213 1774 1315 1844 ibium
1336 1773 1493 1846 ceciderit
1512 1801 1523 1850 t
1556 1775 1782 1852 Nihilominus
1805 1782 1838 1850 in
1860 1777 1926 1849 hoc

399 1882 533 1954 naturali
562 1881 737 1972 asperrimo
766 1877 886 1972 frigore
915 1872 1038 1944 Sibiriae
1072 1871 1257 1942 Mercurius
1281 1871 1392 1941 tnansrt
1424 1869 1570 1960 fluidus,
1606 1877 1685 1947 teile
1710 1875 1868 1948 Gmelino
1891 1871 1928 1945 dt

402 1977 571 2063 Mallem,
597 1999 664 2047 tum
687 1975 862 2065 nequidem
885 1970 927 2042 de
951 1968 1110 2040 Mercurii
1139 1968 1368 2063 congelatione
1389 1966 1512 2058 aliquid
1538 1971 1777 2064 suspicantibus.
1922 1991 1925 2002 ·

452 2075 590 2148 lllullres
615 2074 807 2170 Academici
828 2067 1081 2158 serranorum,
1108 2063 1288 2148 braunius,
1313 2063 1479 2154 AEpiuus,
1512 2065 1806 2155 Lomonosowus,
1839 2069 1942 2142 Kru·.

402 2172 486 2256 sius,
511 2171 688 2253 Zeiherus‚
705 2167 893 2262 =Modelus,
919 2166 1036 2253 hyeme
1059 2163 1166 2233 mense
1190 2160 1371 2232 Decembri
1392 2165 1480 2234 Anni
1511 2183 1614 2259 1759.
1636 2168 1753 2240 caelesti
1778 2169 1928 2240 saviente

399 2271 556 2340 acerrimo
577 2267 719 2363 frigore,
744 2268 1002 2355 experimentum
1024 2259 1194 2348 Petrupoli
1216 2257 1528 2332 iniiitttetttnt'cum·
1551 2264 1695 2335 Nive&
1719 2266 1839 2356 Spiritu
1862 2263 1927 2335 Ni·

400 2371 440 2440 tri
471 2365 635 2448 fumante,
661 2385 730 2434 tunt
760 2365 793 2429 in
822 2356 970 2427 Nive&
996 2355 1097 2424 alsuso
1124 2353 1213 2425 Oleo
1244 2354 1391 2436 vitrioli,
1416 2355 1623 2431 observantes
1647 2365 1789 2433 immane
1811 2362 1929 2454 asperi·

401 2483 467 2534 tate
493 2466 571 2532 oriri
591 2459 713 2551 frigus:
739 2455 827 2526 Cum
849 2455 935 2524 eninr
952 2455 985 2522 in
1001 2450 1340 2524 seara-‘thennameni
1354 2449 1587 2545 ·Fahrenheytii
1604 2459 1721 2554 gradus
1740 2477 1798 2550 40.
1817 2458 1927 2530 subo.

402 2558 598 2648 respondeat
621 2554 735 2650 gradui
758 2572 840 2620 aro.
861 2552 893 2646 in
917 2547 997 2618 scula
1019 2545 1177 2630 Delislii,
1203 2551 1248 2618 uti
1279 2555 1478 2638 comparanti
1506 2551 1603 2624 scalas
1624 2577 1733 2647 patet,
1759 2556 1843 2628 fatto
1871 2577 1926 2626 ett-
1961 2565 2037 2628 'rab

403 2655 590 2746 parimento
611 2665 865 2736 compererunt,
895 2647 926 2711 in
951 2643 1012 2711 lrac
1039 2641 1119 2710 scala
1145 2642 1348 2712 Mercurium
1380 2645 1579 2719 descendisse
1607 2653 1649 2723 ad
1671 2652 1807 2748 gradum
1836 2643 2077 2746 470‚X,XX1V·

404 2754 476 2830 imo
499 2746 540 2818 ad
562 2744 697 2843 gradum
732 2741 851 2816 1060.-
882 2739 946 2810 Sed
969 2751 1105 2830 quoque
1130 2739 1337 2832 congelatum
1370 2738 1576 2813 Mercurium·
1611 2751 1644 2816 in
1666 2750 1831 2820 metallum
1855 2727 1998 2820 soli-¹²¹3·
2019 2737 2050 2781 ²·

405 2849 507 2927 dum,
532 2843 643 2914 durius
666 2838 828 2918 Plumbo,
855 2833 1003 2910 flexibile
1019 2869 1045 2917 ,·
1064 2831 1100 2904 dt
1124 2839 1216 2922 quod
1239 2834 1359 2905 malleo
1383 2836 1458 2928 cudi
1483 2829 1636 2928 potera'tr'
1665 2839 1825 2937 Quamvis
1848 2865 1931 2915 nun·
2030 2891 2035 2898 -

404 2940 557 3032 quanin
589 2935 709 3030 frigore
739 2929 873 3002 naturali
905 2929 1091 3006 Mercurius
1118 2931 1284 3023 congelati
1300 2931 1380 2999 huc
1405 2951 1509 3021 usque
1531 2937 1716 3010 observatus
1741 2942 1788 3011 sit.
1835 2939 1933 3036 Quo·

404 3040 490 3109 niam
514 3038 547 3106 in
567 3029 722 3104 artificiali
746 3027 867 3122 frigore
894 3047 969 3094 cunr
999 3026 1120 3115 Spiritu
1155 3023 1243 3096 Nitri
1273 3021 1309 3094 dt
1340 3024 1427 3095 Nive
1455 3029 1629 3103 secundum
1658 3034 1773 3107 scalam
1800 3033 1932 3107 Delislii

404 3135 589 3208 Mercurius
610 3124 774 3199 descendit
803 3142 1037 3212 nonnunquam
1069 3121 1111 3190 ad
1141 3121 1278 3216 gradum
1311 3141 1402 3212 500,
1436 3127 1493 3216 qui
1515 3128 1688 3217 respondet
1708 3132 1821 3226 gradui
1849 3151 1932 3223 390.

406 3231 463 3304 sub
488 3253 524 3301 0.
549 3233 582 3300 in
606 3224 685 3298 scala
706 3220 952 3310 Fahrenheyur,
977 3218 1108 3310 adjunxi
1143 3221 1200 3290 tria
1224 3216 1506 3303 Thermometra,
1542 3222 1753 3316 Reaumurii,
1779 3225 1932 3313 Delislii,
1967 3254 2041 3312 Tab

407 3331 443 3400 bt
465 3325 711 3414 sialitenheytii,
737 3341 812 3390 cum
835 3317 925 3389 scalis
944 3338 987 3394 eo
1010 3336 1114 3407 usque
1135 3315 1322 3406 productis,
1347 3312 1383 3384 δι
1404 3318 1556 3412 gradibus
1571 3324 1663 3393 inter
1683 3324 1927 3416 fd'responden·
1941 3331 2077 3392 xxxiv,

407 3429 509 3499 tibus:
535 3445 604 3494 tum
629 3417 914 3490 &adscendentes
939 3414 1057 3510 gradus
1082 3413 1165 3483 600.
1190 3412 1283 3502 supra
1307 3434 1349 3494 0,
1382 3434 1418 3482 ut
1444 3417 1629 3490 ebullientis
1662 3419 1821 3494 Mercurii
1842 3410 2000 3494 calotFis·
2033 3427 2061 3470 ¹·

407 3527 504 3596 etiam
526 3526 716 3591 innotescat.
766 3512 1053 3590 Thermonterrutn
1076 3513 1109 3580 in
1132 3508 1204 3604 Fig.
1222 3530 1255 3599 5.
1276 3508 1362 3580 Tab.
1390 3509 1554 3584 XXXIV.
1578 3520 1772 3597 tantumest
1791 3503 1967 3604 fastum*
1991 3505 2022 3561 ⁴·

409 3640 446 3690 ut
468 3625 612 3690 cum'eo
633 3613 732 3706 frigus
752 3610 961 3699 exploretur,
986 3603 1191 3678 excitandum
1218 3611 1251 3675 in
1280 3609 1504 3699 experimento
1530 3633 1605 3684 cum
1630 3613 1718 3685 Nive
1746 3613 1781 3686 st
1810 3611 1932 3708 Spiritu

410 3716 500 3788 Nitri
524 3714 679 3784 fumante.
729 3708 763 3778 Si
788 3706 898 3797 postea
927 3702 1115 3794 Philosophi
1137 3702 1197 3772 alia
1227 3725 1295 3774 arte
1323 3702 1462 3794 asperius
1482 3707 1581 3802 frigus
1602 3714 1733 3784 excitari
1756 3714 1931 3809 detegant,

408 3818 489 3885 loco
518 3809 674 3881 Mercurii
696 3809 729 3877 in
757 3803 1008 3874 Thennometro
1039 3797 1224 3870 substituere
1248 3799 1402 3890 Spiritum
1425 3802 1501 3873 Vini
1526 3807 1723 3894 ethereum,
1749 3832 1805 3882 aut
1826 3811 1932 3901 quod·

410 3912 489 3982 libet
512 3905 600 3976 aliud
622 3903 845 3988 fluidumnon
870 3896 1124 3994 congelascens,
1158 3916 1338 3986 poterunt:
1364 3897 1416 3967 uel
1440 3899 1574 3990 aliquod
1599 3903 1826 3994 Pyrotnetntm
1852 3907 1931 3983 Me·

409 4007 571 4094 tallicum,
599 3999 730 4092 quando
746 3994 994 4067 Thennometra
1011 3992 1218 4063 Mercurialis
1236 4015 1277 4062 ex
1298 3997 1382 4064 vitro
1406 3994 1636 4092 frangerentur.
1688 4005 1827 4078 Simulat
1844 4012 1933 4077 enirn

411 4103 508 4197 frigus
533 4101 617 4171 adeo
642 4097 812 4178 increscit,
837 4113 873 4162 ut
894 4091 1081 4162 Mercurius
1105 4093 1138 4161 in
1159 4091 1324 4160 metallum
1341 4091 1469 4161 srrmurn
1494 4093 1681 4183 retinetene,
1707 4121 1774 4178 turn
1790 4119 1833 4174 eo
1849 4125 1931 4175 con·

410 4203 537 4294 gelato,
561 4192 688 4268 necesse
715 4191 760 4263 est
784 4211 820 4260 ut
853 4189 972 4260 bulbus
1003 4191 1148 4270 vitreus,
1182 4192 1237 4257 cui
1262 4187 1368 4269 inest,
1401 4189 1541 4261 findatur
1563 4195 1597 4265 iu
1624 4197 1740 4267 multas
1765 4221 1871 4288 partes
1895 4198 1931 4269 ὅ(

410 4297 595 4392 liagmenta.
647 4291 735 4362 Cum
758 4290 874 4359 virtum
900 4308 918 4356 a
944 4282 1154 4378 parifrigore
1183 4284 1258 4373 plus
1281 4283 1448 4373 densatur,
1476 4309 1573 4378 quam
1602 4293 1635 4364 id
1664 4293 1792 4365 firmum
1818 4295 1930 4365 metal-

410 4392 497 4475 lum,
529 4393 682 4488 gravius,
715 4389 889 4476 minusque
913 4381 1093 4473 porosum:
1131 4381 1163 4452 id
1187 4383 1283 4476 igitur
1305 4385 1412 4453 minus
1431 4385 1553 4461 cedens
1576 4389 1751 4463 resiliendo
1772 4391 1869 4486 facit,
1895 4414 1931 4465 ut

411 4493 548 4573 vitrum,
574 4487 665 4578 quod
687 4488 773 4554 arsie
795 4488 829 4554 in
845 4479 1019 4554 rotundum
1043 4480 1271 4569 complectitur
1292 4479 1482 4567 metallum,
1498 4487 1603 4556 minus
1620 4490 1790 4566 introrsum
1806 4491 1930 4562 densari

411 4585 527 4677 pollit,
542 4587 771 4674 ideoprimum
788 4579 950 4662 stndetur,
973 4577 1091 4647 deinde
1106 4579 1198 4648 auita
1216 4578 1470 4650 condensatione
1486 4579 1667 4678 frangetur:
1693 4587 1810 4670 veluti,
1838 4587 1933 4660 Mer-

412 4688 505 4753 curio
527 4685 601 4752 licet
622 4681 760 4760 fluido,
792 4682 825 4748 in
856 4679 977 4771 frigore
1005 4675 1139 4744 naturali
1162 4672 1458 4772 Jearstae-ronagn
1479 4683 1512 4749 in
1546 4679 1715 4756 Mercurio
1746 4687 1854 4782 gelato
1875 4685 1930 4756 Cl.

412 4779 600 4849 thelino:·
628 4776 737 4866 pollea
761 4775 816 4846 Cl.
847 4774 1017 4854 Braunio,
1049 4771 1183 4862 aliisque
1218 4771 1420 4863 Philosophis
1447 4776 1643 4868 illustribus,
1675 4789 1932 4875 experimentum

414 4875 730 4961 Fahrenhcytianum
751 4895 825 4942 curn
849 4873 952 4967 glacie
977 4866 1011 4938 dt
1035 4870 1154 4960 Spiritu
1178 4867 1322 4941 fumante
1348 4869 1435 4956 Nini
1460 4874 1561 4946 affuso
1586 4885 1800 4974 capientibus.

460 4989 491 5088 ς.
519 4983 728 5058 MDLXlX.
752 4981 919 5084 Quoniam
943 5006 1011 5058 non
1036 4987 1093 5058 nifi
1117 4965 1404 5158 itLvilolfinto'igne
1434 4969 1621 5070 Mercurius
1650 4998 1783 5085 ebullit,
1809 4983 1938 5066 diuerfis

1278 5110 1299 5184 3
1863 5110 1937 5162 cet·
