4992 6767
805 697 1544 838 ,numam-n.
1845 699 1937 828 ῦς,

413 897 578 992 mque
604 895 638 969 st
661 892 966 992 adtemierragelies
989 892 1168 970 derisorem
1191 897 1302 972 vidisse
1326 899 1447 972 tradit:
1475 900 1559 975 Rev.
1589 893 1737 976 Halesus
1761 906 1847 1000 (a)
1873 929 1942 1001 ope

416 997 510 1102 frah
532 996 643 1068 aerem
668 993 812 1092 trigesiea
836 995 940 1066 odies
961 994 1186 1068 candenstuitr
1209 1017 1322 1070 verum
1345 1015 1412 1090 ope
1435 1019 1558 1090 aquae,
1590 1023 1663 1092 quae
1695 1005 1727 1073 in
1751 1004 1855 1100 globo
1879 1004 1943 1077 ser·

417 1121 479 1182 „0
500 1098 536 1170 ln
557 1091 699 1190 glaciem
721 1093 926 1172 vertebatur,
948 1091 1063 1164 aetem
1087 1096 1121 1164 in
1145 1091 1279 1186 spatium
1310 1093 1413 1188 155'1.
1439 1099 1544 1168 minus
1568 1111 1677 1190 quam¹
1691 1119 1764 1172 ante
1793 1103 1941 1190 reduxit;

411 1202 459 1274 itt
478 1189 586 1268 htiffet
605 1188 866 1282 duplodenilor
890 1189 994 1280 aqui:
1019 1189 1172 1282 adeoque
1196 1213 1270 1262 cum
1294 1213 1377 1284 aqua
1400 1195 1669 1288 incondensabilis
1694 1199 1817 1286 existit,
1843 1202 1943 1292 parti·

409 1294 499 1370 culae
520 1291 630 1362 aerem
651 1305 893 1376 componentes
915 1286 1044 1376 prorsus
1073 1291 1116 1358 ab
1138 1291 1252 1380 aqueia
1275 1289 1519 1381 discrepabuntr
1547 1295 1737 1386 ceteroquin
1756 1301 1844 1366 enim
1868 1317 1940 1368 nro-

412 1392 462 1466 do
483 1393 519 1462 in
539 1385 694 1480 volumen
719 1383 811 1468 600,
837 1402 936 1476 700,
960 1384 1011 1474 pel
1040 1385 1123 1454 800.
1146 1389 1255 1456 minus
1276 1390 1403 1458 circiter
1427 1391 1600 1478 comprimi
1628 1389 1829 1479 potuissent,
1855 1413 1939 1464 tum·

416 1507 486 1582 que
509 1481 654 1578 ejusdem
670 1479 833 1552 densitatis
854 1501 894 1549 ac
915 1501 1000 1570 aqua
1021 1483 1146 1555 viribus
1167 1484 1336 1573 quibusvis
1362 1487 1654 1575 comprimentibus
1678 1486 1867 1562 tellitillent.

423 1665 427 1672 -
466 1619 501 1720 5.
532 1612 727 1694 MMCIX.
756 1608 1029 1720 Quoniamuuiris
1058 1612 1230 1702 comprclh
1260 1614 1428 1688 elallicitas
1463 1618 1588 1712 semper
1619 1619 1665 1690 est
1695 1621 1728 1689 in
1761 1617 1942 1710 aequilibrio

417 1739 498 1792 cum
520 1713 671 1809 pondere
691 1727 878 1803 premente,
899 1725 977 1790 aer,
1001 1709 1059 1796 qui
1081 1707 1266 1798 spondere
1284 1713 1509 1802 armosphaerae
1531 1713 1730 1806 compressus
1755 1715 1823 1799 cst,
1846 1716 1877 1785 vi
1901 1735 1945 1784 e·

418 1815 509 1910 quali
528 1813 609 1884 huic
636 1807 775 1903 ponderi
799 1819 928 1898 terget:
956 1802 1082 1872 idcirco
1106 1805 1164 1872 aer
1186 1803 1355 1874 claudatur
1381 1811 1414 1875 in
1443 1809 1549 1897 phiala
1574 1833 1651 1881 cum
1687 1811 1885 1892 Mercurio,
1910 1809 1944 1880 in

419 1934 488 2006 que
513 1911 611 1982 tubus
631 1907 793 1996 utrimque
815 1917 944 1994 tpentts
969 1897 1148 1983 inseratur,
1174 1917 1301 1992 regamt
1323 1901 1473 1991 ampliori
1498 1907 1701 1993 recipiente,
1727 1908 1818 1994 quod
1837 1905 1945 1977 antliae

469 2009 637 2079 eumaticae
662 2001 865 2092 imponitur:
895 1996 1009 2067 demto
1029 1997 1105 2066 abre
1125 2015 1166 2064 ex
1196 1995 1375 2084 recipiente
1402 1992 1436 2065 δι
1460 2001 1598 2086 proinde
1621 2021 1661 2070 ex
1686 2003 1798 2084 mbo,
1830 2005 1885 2070 air
1910 2003 1944 2070 in

420 2106 530 2199 phitio
550 2101 676 2174 clausus
701 2097 911 2172 Mercurium
930 2091 1115 2162 clasticitate
1137 2091 1180 2161 ad
1204 2090 1342 2161 eandem
1366 2096 1398 2162 in
1423 2095 1505 2163 mbo
1532 2095 1733 2166 altitudinem
1760 2095 1879 2185 pellet,
1904 2114 1944 2165 ac

420 2207 456 2275 in
479 2201 673 2274 Barometro
698 2195 821 2289 vulgari
847 2191 918 2276 esi,
944 2189 965 2260 li
992 2209 1114 2280 nempe
1137 2190 1194 2258 adr
1215 2188 1333 2277 phialae
1359 2191 1488 2259 interim
1510 2211 1578 2260 non
1595 2195 1695 2261 rarior
1718 2191 1869 2264 evaserit:
1894 2210 1944 2261 ra·

417 2297 510 2372 tescit
539 2317 680 2378 autem,
710 2295 788 2381 quia
812 2311 859 2357 ex
888 2285 998 2376 phiala
1027 2285 1217 2356 Mercurius
1244 2287 1357 2355 exiens
1392 2287 1505 2355 tubum
1538 2283 1644 2356 subit:
1677 2288 1733 2358 aer
1763 2291 1859 2380 igitur
1885 2285 1943 2355 ali·

418 2414 579 2488 quantum
600 2394 705 2462 rarior
726 2391 760 2457 in
783 2381 938 2474 ampliori
959 2379 1076 2471 phiale
1097 2399 1201 2464 cavo,
1228 2381 1437 2454 Mercurium
1470 2383 1510 2451 ad
1534 2383 1695 2454 minorem
1722 2381 1946 2472 altitudinem,

420 2511 521 2583 quam
545 2491 580 2557 in
600 2487 795 2556 Barometro
818 2477 943 2569 pellere
962 2475 1064 2548 modo
1089 2477 1219 2568 potest:
1253 2497 1322 2549 tum
1345 2499 1479 2570 quoque
1504 2479 1596 2571 quod
1626 2482 1732 2551 omnis
1753 2479 1809 2549 aet
1831 2499 1873 2548 ex
1896 2497 1947 2551 re·

423 2590 571 2677 cipiente
592 2579 630 2654 or
654 2581 736 2652 tubo
756 2573 922 2650 exantliari
946 2593 1017 2644 noa
1039 2573 1144 2666 polilt.

473 2721 507 2821 5.
532 2715 710 2794 MMCX.
736 2717 770 2789 Si
792 2733 901 2786 autem
922 2716 981 2788 adr
1005 2717 1039 2786 in
1063 2715 1175 2804 aliquo
1191 2713 1263 2786 vase
1285 2713 1389 2807 duplo
1404 2713 1532 2785 densior
1548 2713 1623 2804 fiat,
1648 2712 1753 2805 duplo
1768 2711 1841 2803 plus
1864 2710 1946 2784 elas·

428 2823 513 2894 tlcus
535 2819 625 2902 erit,
660 2814 809 2906 adeoque
830 2811 1038 2886 Mercurium
1060 2813 1095 2882 irr
1116 2809 1199 2880 tubo
1224 2831 1336 2903 aperto
1361 2812 1402 2882 ad
1432 2811 1568 2881 candem
1599 2810 1801 2880 altitudinem
1830 2831 1868 2877 ac
1901 2808 1948 2880 est

425 2919 460 2989 in
483 2913 691 3002 Baroscopio
713 2908 838 3002 pellere
861 2905 991 3002 pollet:
1023 2907 1086 2980 five
1111 2905 1277 2980 Mercurii
1304 2907 1383 2979 loco
1409 2930 1527 2997 aquam
1559 2907 1640 2977 ultra
1662 2906 1861 2976 altitudinem
1890 2924 1949 2995 32·

422 3013 545 3107 pedum
564 3007 766 3080 sustentaret:
793 3001 854 3098 dt,
874 3005 897 3074 fi
921 3001 1051 3078 densior
1071 3001 1179 3076 adhuc
1200 3002 1292 3074 fieret
1313 3007 1387 3089 aer,
1412 3025 1529 3094 aquam
1547 3004 1640 3073 altius
1662 3003 1810 3093 pelleret.

470 3107 550 3180 Hoc
570 3105 782 3176 fundamento
800 3105 912 3174 nititur
930 3099 1005 3174 sons
1026 3123 1137 3173 aeneus
1170 3095 1355 3184 DBBD,
1388 3104 1441 3171 cui
1467 3099 1644 3171 infunditur
1670 3121 1754 3190 aqua
1776 3100 1817 3169 ad
1842 3097 2081 3190 altitu-nrm,

421 3205 533 3279 dinem
560 3201 733 3288 ABBA,
758 3221 827 3272 tum
848 3201 932 3291 parti
954 3197 1109 3290 superiori
1133 3185 1303 3269 Dani)
1330 3200 1515 3268 contentius
1532 3200 1731 3288 imprimatur
1746 3201 1802 3267 aer
1825 3196 2008 3282 andrasu-
2022 3204 2048 3254 σε

425 3326 497 3396 quae
521 3301 625 3373 tollro
651 3299 698 3372 M
724 3296 885 3390 epistomii
910 3297 1113 3380 adneilitum
1141 3295 1197 3364 adr
1219 3291 1388 3386 impressus
1415 3316 1579 3387 perreptat
1605 3297 1718 3364 rubum
1753 3293 1824 3366 KC
1852 3289 1886 3362 dt
1913 3315 1945 3363 a·

424 3421 523 3494 quam
550 3395 722 3481 ABBA,
746 3395 778 3465 se
800 3395 961 3483 recipiens
988 3393 1023 3462 in
1049 3412 1175 3482 partem
1199 3390 1395 3482 superiorem
1430 3389 1507 3462 DA
1524 3389 1615 3463 AD:
1642 3397 1715 3463 a'c're
1740 3392 1805 3485 jam
1830 3390 1890 3461 hac
1915 3395 1950 3464 in

424 3517 517 3588 parte
538 3493 645 3564 multo
668 3491 809 3562 densiori
839 3488 1007 3557 claudatur
1029 3487 1234 3576 epistomium
1260 3485 1317 3570 E,
1349 3509 1473 3558 remora
1500 3490 1621 3573 antlia,
1657 3493 1755 3560 tubus
1788 3512 1864 3561 cum
1892 3511 1951 3562 an·

428 3591 526 3686 gusto
544 3587 703 3658 foramine
729 3585 777 3656 M
802 3581 970 3675 affigatur,
993 3599 1072 3648 mox
1093 3601 1208 3670 aperto
1232 3583 1403 3672 epillomio
1431 3583 1487 3668 E,
1519 3608 1602 3676 aqua
1628 3607 1668 3656 ex
1701 3587 1848 3656 ΑΒΒΑ
1875 3608 1952 3676 pre·

429 3688 529 3757 mitur
547 3684 590 3753 ab
610 3683 694 3751 aeris
710 3677 930 3750 incumbentis
951 3674 1135 3748 elasticitate
1155 3677 1188 3748 in
1211 3679 1326 3749 tubum
1359 3679 1451 3765 CK,
1485 3682 1617 3774 salitque
1648 3687 1680 3753 in
1708 3683 1809 3754 altum
1835 3702 1876 3753 ex
1899 3681 1949 3752 so·

429 3782 555 3855 tamine
581 3777 649 3863 M,
675 3771 710 3846 ἃ
733 3795 803 3866 quo
821 3775 1004 3844 contentius
1029 3773 1089 3846 a‘c’r
1109 3772 1277 3865 impressus
1296 3775 1393 3850 suerit
1410 3780 1450 3848 ad
1474 3781 1628 3874 majorem
1651 3780 1864 3852 altitudinem.

483 3879 542 3950 Ab
563 3877 642 3950 a'e're
662 3867 846 3962 comprelso
867 3865 903 3940 dt
927 3867 1004 3940 hinc
1022 3873 1125 3966 magis
1149 3871 1281 3946 elastico
1300 3875 1404 3972 jasius
1424 3900 1516 3970 aque
1546 3901 1587 3950 ex
1614 3878 1775 3952 sonticulo
1803 3874 1949 3951 heronis

428 3975 585 4068 implici,
612 3968 647 4042 dt
712 3971 836 4040 minato
854 3963 1091 4058 Nieuwentytii
1116 3971 1249 4060 pendet.
1362 3997 1369 4012 ·

474 4071 533 4144 Est
561 4071 748 4162 excipuum
773 4065 916 4157 superius
948 4063 1015 4135 FP
1049 4065 1187 4134 induas
1218 4070 1370 4138 cavitates
1400 4091 1465 4160 ope
1497 4073 1746 4168 diaphragmatis
1790 4071 2079 4148 llGKEraa.r.r.

426 4167 629 4241 distinsium:
654 4168 698 4236 ita
721 4161 856 4236 inferius
880 4159 1069 4249 excipulum
1093 4157 1180 4230 CM
1206 4159 1448 4255 diaphragmate
1480 4168 1639 4263 ODQL
1673 4170 1718 4237 cll
1743 4169 1874 4240 divisum
1902 4158 2013 4240 bi-ffi‘·
2030 4169 2057 4221 ⁷·

429 4264 557 4350 sariam:
582 4263 621 4336 stt
638 4262 703 4355 iam
723 4263 758 4332 in
780 4257 943 4350 excipulis
965 4253 1183 4345 luperiOribus
1205 4251 1258 4335 F,
1285 4254 1330 4336 Ρ,
1353 4277 1458 4346 aqua,
1484 4263 1518 4334 ἃ
1543 4271 1619 4352 adr,
1646 4263 1779 4335 &tubo
1807 4266 1878 4336 AB
1905 4268 1954 4337 in-

426 4359 579 4434 sundatur
603 4380 688 4452 aqua
709 4379 814 4451 usque
836 4357 878 4426 ad
904 4351 1117 4423 summitatem
1141 4351 1195 4434 A,
1220 4349 1292 4421 haec
1316 4373 1400 4444 aqua
1430 4357 1534 4433 influit
1558 4368 1590 4436 in
1614 4385 1729 4448 cavum
1756 4361 1810 4444 C,
1847 4362 1956 4452 pellit·

432 4479 498 4548 que
521 4457 633 4529 a‘erem
681 4475 717 4524 er
739 4457 855 4528 mbum
889 4447 962 4522 DE
994 4450 1029 4520 in
1052 4447 1237 4544 excipulum
1271 4448 1320 4536 F,
1345 4473 1386 4521 cx
1412 4475 1480 4543 quo
1503 4459 1665 4532 descendit
1695 4460 1789 4530 tubus
1816 4457 1894 4528 GO
1920 4460 1955 4530 in

432 4553 621 4644 excipulum
645 4477 760 4714 {M3
780 4550 847 4644 jam
864 4571 947 4642 aqua
972 4568 1014 4619 ex
1038 4541 1110 4618 FG
1133 4545 1263 4641 pellitur
1284 4551 1325 4619 ab
1342 4552 1416 4619 aire
1441 4551 1591 4644 superiori
1617 4555 1789 4653 impresso,
1813 4553 1956 4649 fluitque

433 4669 494 4742 pet
515 4649 630 4717 tubum
695 4643 733 4728 ¹O
757 4649 792 4716 in
813 4647 997 4741 excipulum
1025 4641 1129 4740 QM.
1180 4647 1353 4737 Aer‚qui
1377 4647 1480 4720 estin
1508 4647 1597 4744 QM
1643 4656 1707 4749 jam
1730 4658 1955 4752 comprimitur

432 4747 478 4820 ab
493 4765 587 4838 aquae
604 4738 749 4837 pondere
763 4746 798 4814 in
818 4741 984 4816 altitudine
1009 4740 1109 4830 GO,
1134 4739 1169 4816 dt
1191 4741 1263 4816 hac
1285 4748 1560 4840 comprimebatur
1584 4706 1625 4823 al’r
1640 4757 1737 4842 aere,
1755 4756 1820 4830 five
1837 4765 1856 4827 a
1873 4772 1956 4915 gon·

1901 4860 1956 4915 cle

508 4968 568 5053 (a)
589 4965 998 5054 morituramque.
1022 4967 1166 5052 ccede.
1220 5052 1258 5127 R

497 5077 500 5082 '
626 5083 629 5090 '
1265 5075 1280 5129 l'
1303 5073 1343 5128 sl*
1365 5075 1382 5128 l
1407 5079 1430 5124 Ξ
