4992 6767
517 661 603 784 §qq
958 651 1006 758 D¹
1044 649 1094 742 Ἐ
1211 647 1248 746 :1
1304 647 1344 744 G
1400 647 1450 735 N
1485 648 1555 738 [E.

524 853 655 932 centu,
686 841 883 917 &multum
911 841 1020 934 Aquae
1043 841 1148 914 adhuc
1170 842 1367 926 continent,
1401 844 1561 916 aruinori
1595 845 1605 913 i
1653 862 1702 926 e,
1736 835 1934 914 &celerius
1958 837 2051 912 ebiti-

524 937 624 1038 liunt,
648 962 745 1033 quarn
769 941 913 1025 vetusta,
938 960 993 1012 aut
1016 963 1090 1033 quae
1114 960 1209 1011 autea
1230 936 1476 1025 ebullivorunt,
1503 939 1545 1012 dt.
1564 863 1723 1030 btlfalssata
1746 934 1832 1010 sunt:
1861 940 1926 1009 Sed
1951 939 2051 1009 etiam

525 1042 634 1116 omnia
652 1043 801 1128 corpora
816 1037 928 1123 fimra,
945 1060 1018 1129 quae
1043 1039 1076 1109 in
1092 1040 1168 1134 igne
1184 1036 1368 1126 liquantur,
1391 1036 1589 1129 exploranda
1605 1035 1697 1120 sunt,
1721 1037 1756 1104 in
1779 1056 1923 1123 quonam
1946 1031 2053 1128 gradu

526 1135 642 1212 caloris
666 1137 821 1226 incipiant
845 1135 1030 1228 liquefieri,
1064 1133 1099 1205 dt
1132 1155 1305 1225 quemnam
1330 1139 1505 1205 marimum
1535 1134 1683 1206 calorem
1708 1132 1880 1224 puncipere
1915 1149 2055 1222 queant,

527 1233 647 1306 Celeb.
669 1229 883 1304 Krufftius·in
909 1233 1055 1304 Praeledl.
1078 1230 1219 1319 Physicis
1244 1233 1286 1301 de
1310 1229 1322 1299 l
1349 1252 1390 1300 ne
1414 1232 1559 1303 tradidit:
1587 1228 1731 1314 Massam
1747 1247 1788 1295 ex
1805 1225 1927 1297 duabus
1953 1228 2053 1316 parti·

528 1335 591 1405 bus
614 1332 770 1424 plumbi,
795 1353 861 1401 una
882 1330 1012 1415 stanni,
1037 1332 1182 1419 quinque
1208 1251 1369 1398 risnelli
1392 1328 1675 1420 incipeteliquari
1699 1325 1800 1395 stante
1825 1320 1995 1394 Mercurio
2017 1328 2054 1394 in

529 1425 784 1501 Thermometro
814 1430 856 1499 ad
886 1428 1021 1524 gradum
1053 1429 1135 1497 aab.
1170 1425 1326 1495 Stannum
1360 1426 1516 1519 sincerum
1557 1425 1736 1516 liquescere
1767 1422 1799 1490 in
1832 1418 1934 1514 gradu
1968 1442 2054 1509 420.

530 1527 706 1600 Plumbum
737 1525 895 1596 fincerum
920 1529 953 1595 in
986 1524 1088 1623 gradu
1115 1542 1200 1615 550.
1249 1522 1314 1592 Sed
1346 1545 1386 1592 ex
1408 1519 1535 1610 calculo
1561 1519 1718 1616 collegit,
1743 1516 1880 1587 Ferrum
1905 1515 2056 1606 quod'm

532 1625 676 1695 tenebris
703 1622 813 1695 lucere
835 1622 970 1706 delinit,
990 1620 1096 1692 calere
1123 1618 1222 1717 gradu
1241 1617 1458 1714 650.serrurn
1483 1620 1574 1710 quod
1597 1620 1631 1689 in
1657 1617 1798 1702 tenebris
1822 1612 1933 1695 lucet,¹
1951 1615 2055 1708 gradu

400 1761 404 1766 -
533 1740 618 1816 770.
634 1719 755 1793 serrum
772 1720 863 1811 quod
889 1721 921 1789 in
945 1718 1139 1807 crepusculo
1165 1715 1275 1799 lucet,
1297 1717 1400 1812 gradu
1428 1718 1508 1788 800.
1533 1716 1651 1786 serrum
1665 1713 1757 1805 quod
1783 1711 1921 1781 interdiu
1945 1710 2056 1800 lucet,

532 1820 641 1892 calere
666 1818 766 1914 gradu
796 1839 916 1887 1000.:
943 1813 1065 1883 Verum
1090 1815 1160 1883 baec
1186 1812 1257 1883 sum
1282 1814 1425 1900 incerta,
1453 1816 1560 1885 donec
1585 1813 1626 1882 ab
1650 1810 1847 1901 experientia
1860 1805 2056 1882 confinnen·

533 1937 597 1987 tur.
646 1914 757 2104 ΙΝὲΙυΙΞα
789 1935 866 1984 cum
888 1910 1144 1982 'shennometro
1171 1931 1212 1981 ex
1236 1907 1328 1981 Oleo
1354 1908 1430 1982 Lini
1456 1912 1589 1988 terrtavlt
1613 1904 1648 1978 dt
1673 1907 1807 2003 collegit
1831 1902 1926 1976 No'b.
1952 1904 2057 1979 Ncw·

536 2034 635 2087 tonus
743 2060 752 2079 .

594 2129 627 2227 l.
662 2122 919 2220 MDLXXVII.
951 2122 1097 2219 Quando
1131 2125 1391 2221 'lbermoscopia
1416 2129 1607 2201 Florentina
1638 2127 1691 2200 vel
1716 2127 1927 2201 Mercurialia
1951 2133 2057 2208 subito

537 2227 755 2303 immittuntur
776 2226 894 2316 liquori
914 2227 1052 2294 multum
1076 2224 1245 2310 calidiori,
1271 2225 1508 2318 Spiritna'Vini
1534 2247 1588 2298 aut
1614 2223 1800 2297 Mercurius
1825 2229 1857 2297 in
1883 2230 1976 2300 initio
2001 2234 2060 2305 ali·

537 2346 622 2419 quot
641 2324 794 2422 gradibus
814 2321 1007 2404 descendit,
1039 2340 1116 2389 rnox
1141 2321 1334 2406 adscendit,
1367 2317 1460 2394 &in
1492 2322 1643 2394 adscensu
1667 2323 1891 2414 *aliquousque
1915 2328 2059 2416 persevc·

538 2442 614 2496 rate
649 2421 795 2517 Quando
820 2418 1069 2489 Thermometra
1094 2419 1312 2491 immittuntur
1336 2418 1438 2491 fluido
1461 2418 1599 2490 multum
1620 2418 1808 2528 frigidiori,
1839 2423 1881 2491 in·
1898 2427 2059 2519 principio

537 2521 678 2611 Spiritus
695 2514 775 2587 Vini
795 2535 851 2586 aut
870 2513 1062 2585 Mercurius
1085 2514 1284 2604 aliquantum
1311 2515 1500 2603 adscendit,
1532 2538 1611 2587 mox
1642 2514 1835 2602 descendit,
1869 2514 1904 2589 dc
1928 2520 2059 2599 descen·
2142 2555 2145 2560 ·

538 2618 618 2688 dere
640 2617 747 2711 pergit
772 2613 857 2707 (b).
908 2610 1107 2682 Potiffimum
1134 2611 1205 2684 haec
1224 2612 1485 2703 conspiciuntur,
1510 2613 1644 2703 quando
1669 2611 1920 2706 Thermoscopii
1944 2619 2061 2694 bulbus

541 2735 582 2785 cx
614 2715 699 2783 vitro
731 2711 870 2784 crasbori
904 2708 1052 2778 conslat:
1087 2707 1157 2779 baec
1195 2710 1411 2800 phaenomena
1439 2713 1666 2807 contingunt,
1699 2714 1775 2799 quia
1807 2712 1926 2786 vitreus
1957 2713 2059 2791 Ther·

540 2811 706 2900 rnuscopii
728 2809 846 2880 bulbus
867 2808 962 2877 citius
984 2828 1002 2874 a
1025 2804 1133 2876 calore
1156 2802 1191 2876 dt
1214 2810 1334 2901 lr'igore
1359 2805 1523 2891 afficitur,
1557 2828 1654 2896 quam
1688 2806 1826 2897 Spiritus
1848 2808 1899 2881 vel
1924 2801 2058 2888 Mercu·

542 2909 631 2994 rius,
648 2911 705 2999 qui
723 2910 756 2978 in
772 2928 814 2978 eo
830 2901 902 2975 eil:
926 2900 1054 2972 Vinum
1077 2924 1098 2970 a
1121 2901 1241 2994 stigote
1265 2902 1485 2983 tenuabitur,
1510 2904 1630 2972 venula
1647 2900 1919 2998 Thermoscopici
1934 2916 2060 3003 capaci.

542 3026 591 3077 tas
614 3006 789 3084 minuitur,
815 2998 945 3089 pellitur
965 2998 1104 3084 Spiritus
1126 2997 1159 3064 in
1188 2998 1326 3079 rubumq
1353 2997 1394 3065 ab
1416 2999 1512 3068 audio
1537 2997 1646 3073 calore
1672 2999 1981 3095 dilatatur-vitrum,
2005 3023 2065 3082 aun·

543 3120 638 3196 getur
660 3098 782 3167 ventris
799 3094 980 3183 capacitas,
1009 3093 1041 3158 in
1072 3111 1171 3178 quem
1193 3091 1358 3162 descendit
1383 3090 1529 3182 spiritus,
1555 3090 1590 3164 dt
1616 3096 1759 3182 tamdiu,
1785 3100 1893 3175 donec
1916 3126 2061 3197 penetra·

544 3215 582 3263 to
607 3194 649 3260 ab
671 3194 747 3282 igne
771 3190 874 3268 vitro,
901 3180 936 3252 dt
963 3182 1097 3254 liuidum
1120 3206 1279 3256 rarescere
1302 3189 1343 3256 ab
1368 3209 1410 3259 eo
1430 3192 1582 3280 incipiat,
1611 3206 1746 3282 tumque
1760 3196 1933 3272 adscendit
1958 3206 2063 3278 inm·

544 3289 636 3359 bum.
686 3283 743 3357 Cl.
766 3280 976 3373 Bullingerus
997 3279 1063 3348 boc
1089 3278 1159 3349 aliis
1182 3285 1413 3373 experimentis
1435 3286 1637 3370 confirmarit
1664 3289 1754 3382 (c).
1812 3294 1878 3366 Sed
1912 3320 1953 3371 ex
1978 3303 2063 3376 hisce

546 3379 714 3454 maniseslo
738 3377 907 3469 sequitur,
939 3395 1056 3446 omues
1077 3380 1271 3450 mutationes
1295 3381 1461 3452 adscensus
1491 3382 1753 3478 descensusque,
1787 3394 1904 3481 quibus
1930 3397 2064 3491 Spiritus

547 3498 603 3549 aut
632 3474 832 3547 Mercurius
850 3476 885 3543 in
915 3471 1169 3546 Thennometro
1200 3475 1390 3569 subjicitur,
1423 3477 1486 3552 else
1521 3493 1644 3556 tantuin
1676 3484 1905 3567 rarelaclione's
1929 3497 2064 3593 majores

549 3577 751 3659 minoresve,
777 3577 875 3665 quam
902 3591 975 3661 quae
1005 3568 1129 3641 suntin
1152 3576 1248 3645 vino.
1587 3637 1590 3644 ,
1633 3631 1636 3636 .

599 3702 631 3804 s.
656 3699 932 3777 MDLXXVlll.
958 3701 1047 3800 Ignis
1069 3707 1125 3797 qui
1149 3705 1181 3777 se
1208 3710 1325 3803 magns
1350 3710 1447 3801 copis
1465 3712 1607 3786 adneslit
1630 3718 1850 3807 corporibus,
1882 3723 1985 3815 iisque
2010 3727 2068 3798 ob·

549 3803 729 3884 haerescit,
750 3822 866 3872 corum
889 3800 1019 3891 pondus
1039 3822 1163 3896 auget,
1198 3803 1274 3873 ideo
1299 3806 1392 3874 instar
1416 3808 1553 3877 aliorum
1578 3830 1754 3898 corporum
1780 3820 1883 3906 gravis
1909 3825 1996 3907 erit,
2023 3827 2071 3895 uti

553 3919 678 3974 veteres
696 3897 839 3989 suspicati
857 3895 927 3966 sunt
944 3897 1022 3991 (d).
1047 3893 1161 3967 Paucis
1178 3897 1210 3967 id
1229 3900 1445 3969 evincendum
1460 3901 1506 3969 esl
1524 3902 1822 3989 obseruationibus,
1849 3910 2002 3998 plurimas
2016 3942 2073 3989 au·
2152 3895 2154 3900 Ι

555 4018 622 4069 tern
642 3991 702 4065 Du
720 3995 826 4079 Clos,
851 3991 1015 4082 boyleus,
1041 3992 1282 4090 llombergius,
1306 3995 1425 4086 aliique
1440 3996 1648 4067 tradiderunt.
1674 3997 1881 4074 Notisbmum
1899 4007 1945 4077 est
1961 4009 2071 4083 Plum-

556 4096 591 4165 bi
607 4088 640 4162 rb
664 4114 742 4164 100.
756 4096 788 4182 in
803 4093 878 4189 igne
898 4091 1080 4163 vehementi
1095 4091 1263 4179 calcinati,
1278 4095 1423 4183 prebere
1441 4092 1541 4164 Minii
1560 4102 1593 4174 rb
1609 4114 1687 4164 110.
1706 4092 1857 4170 Hellotus
1874 4101 1968 4175 Zincl
1984 4105 2017 4177 lb
2037 4136 2070 4202 4.

554 4193 590 4263 in
613 4190 737 4264 calcem
759 4190 909 4285 redigens
930 4188 1094 4282 acquisivit
1114 4197 1158 4267 lb.
1181 4209 1213 4281 3.
1240 4189 1363 4266 Uncias
1391 4213 1444 4281 14.
1469 4191 1590 4280 pulcrae
1615 4190 1842 4285 alblsfimaeque
1856 4199 1974 4290 calcis,
2001 4227 2069 4279 tum

558 4288 681 4362 Uncias
711 4312 744 4360 a.
773 4284 808 4356 dt
833 4284 1000 4360 drachmas
1021 4308 1053 4357 2.
1069 4286 1222 4357 crallron's
1243 4284 1278 4359 dr
1303 4292 1409 4359 minus
1425 4288 1577 4358 albentis
1603 4288 1721 4375 calcis,
1748 4285 1935 4369 &unciam
1961 4320 2074 4391 terra,

466 4471 473 4486 ι
556 4387 640 4465 adeo
664 4407 700 4460 ut
720 4383 854 4456 cuilibet
876 4382 966 4456 librae
990 4385 1226 4455 incrementum
1248 4385 1403 4488 ponderis
1430 4383 1526 4455 suerit
1556 4386 1691 4457 duarum
1715 4409 1792 4460 eum
1818 4390 1938 4465 semisse
1961 4399 2074 4472 drach·

2014 4520 2066 4571 ltu

637 4692 697 4769 (a)
718 4687 826 4750 Philus.
839 4689 939 4750 Trans.
957 4692 1013 4750 Ns,
1033 4706 1102 4763 azo.

632 4776 692 4849 (b)
711 4765 877 4830 L'Hlstolte
892 4769 928 4828 de
944 4768 1054 4829 l'Acad.
1070 4771 1148 4842 trop.
1160 4768 1210 4827 Aa.
1229 4781 1314 4842 ¹205·
1332 4784 1399 4845 pag.
1418 4764 1507 4828 aa&
1530 4771 1597 4831 ηε.

632 4852 693 4927 (c)
710 4851 906 4907 commentar.
931 4848 1102 4922 Petropollt.
1127 4846 1195 4907 Vol.
1218 4860 1246 4921 3.
1268 4860 1334 4924 pag.
1359 4862 1427 4923 πῃ.
1468 4907 1473 4918 ,
1547 4908 1552 4921 ,

634 4930 694 5009 sd)
713 4925 865 4989 Lucretius
886 4925 953 4986 Lib.
969 4942 996 4985 a.
1020 4927 1055 5008 ll.
1074 4929 1141 4999 185.
1414 4953 1419 4964 ,
