4992 6767
773 683 842 774 ,Β
919 683 963 774 ΙΕ
1104 689 1260 780 S·O
1343 677 1531 776 ΝΟ.
1841 698 1925 794 'oni

395 904 529 982 partes,
552 879 636 955 adria
652 881 804 974 pumtas,·
815 879 907 950 calor
921 879 1027 953 ellare
1035 919 1054 969 ‚·
1069 883 1121 956 vel
1137 885 1275 976 hyeme,
1302 881 1545 970 uetulum,-
1560 877 1771 964 cledlricitas,
1795 903 1924 958 voratus·

400 1007 466 1077 que
491 978 666 1063 differunt,
688 1000 758 1050 non
779 977 885 1070 potest
909 975 1072 1051 norsum
1093 982 1240 1056 celeritas
1264 982 1415 1066 differre,
1441 979 1478 1052 dt
1500 979 1632 1052 forhtan
1655 977 1722 1047 huc
1747 977 1817 1049 aliae
1843 1002 1925 1068 prae·

402 1100 486 1152 teret
505 1094 706 1149 concurrunt
727 1073 1002 1158 circumstantiae,
1034 1077 1077 1147 de
1098 1081 1215 1168 quibua
1238 1081 1321 1153 nihil
1349 1081 1518 1170 hucusque
1542 1100 1561 1148 a
1587 1072 1792 1167 Philosophia
1816 1075 1926 1145 detec-

404 1195 472 1251 tum
496 1174 565 1258 est,
590 1173 682 1264 quod
705 1170 849 1264 conjicio
873 1192 914 1242 ex
939 1171 1219 1250 observationibus
1244 1177 1452 1269 sequentibus
1478 1175 1647 1248 Derhami.

450 1295 797 1372 MMCCXXXVll.
823 1296 914 1371 Cum
934 1319 1034 1371 nemo
1048 1299 1164 1393 majori
1182 1303 1255 1375 uiua
1270 1301 1332 1374 suit
1353 1305 1575 1393 oportunitate
1592 1301 1662 1372 soni
1678 1298 1867 1375 observandi
1891 1304 1926 1375 lu

400 1399 518 1471 eodem
538 1399 615 1468 loco
639 1395 843 1483 Britanniae,
868 1418 979 1490 operae
1000 1400 1142 1489 pretium
1162 1400 1209 1470 eli
1230 1418 1373 1486 notare,
1406 1419 1480 1490 que
1505 1399 1566 1472 Cl.
1590 1393 1775 1471 Derharnus
1799 1419 1927 1472 memo·

399 1500 456 1568 riae
479 1493 623 1566 tradidit:
650 1495 815 1579 inomni,
842 1496 906 1576 ait,
931 1494 1150 1586 tempestate,
1175 1495 1238 1568 five
1263 1495 1385 1568 coelum
1410 1497 1448 1567 lit
1474 1494 1588 1568 ludum
1612 1491 1648 1565 dt
1665 1493 1836 1582 serenum,
1861 1495 1927 1568 iivc

399 1591 590 1664 nebulosum
609 1590 841 1671 &tumidum
866 1587 929 1658 live
943 1592 1078 1684 ningat,
1105 1591 1168 1662 live
1190 1590 1309 1662 nebula
1331 1591 1388 1678 iit,
1414 1592 1468 1663 seu
1484 1611 1597 1679 tonet,
1623 1587 1837 1686 defulgurat,
1861 1590 1926 1662 live

400 1689 493 1761 aestua
517 1688 569 1760 vel
590 1685 630 1762 fri
678 1711 698 1760 a·
717 1687 831 1760 adurat¹
845 1735 858 1770 ,
873 1683 952 1756 dies
974 1685 1027 1756 vel
1043 1707 1111 1758 nox
1132 1685 1197 1771 lit,
1221 1686 1313 1757 aeiiat
1333 1688 1386 1758 vel
1410 1688 1556 1777 hyems,
1589 1688 1653 1760 five
1677 1687 1869 1758 Mercurius
1895 1687 1929 1758 in

397 1786 592 1858 Barometro
646 1809 715 1874 tus,
736 1784 788 1858 vel
808 1779 939 1855 humilis
960 1780 1017 1867 iit,
1041 1784 1134 1873 quod
1157 1785 1257 1854 etiarn
1289 1799 1439 1854 notatum
1463 1782 1484 1852 d
1504 1782 1641 1857 Callino
1664 1833 1675 1868 ,
1700 1786 1736 1853 in
1759 1780 1929 1855 altitudine

401 1953 460 2026 27.
482 1932 553 2024 pol.
575 1899 661 2060 2-1-
684 1933 742 2004 lin.
767 1951 835 2004 turn
859 1949 917 2025 27.
939 1926 1011 2022 pol.
1042 1949 1096 1999 rr.
1116 1926 1230 2001 linear.
1258 1929 1293 2000 in
1317 1927 1473 2000 omnibus
1494 1927 1721 2020 atmosphaerae
1743 1929 1932 2002 mutationi·
1961 1967 1968 1978 ·

397 2083 485 2164 bus,
521 2082 647 2174 (ventis
670 2095 795 2149 tantum
817 2072 995 2168 exeeptis)
1021 2074 1220 2146 celeritatem
1253 2071 1324 2145 soni
1347 2094 1410 2146 nec
1432 2070 1617 2166 majorem,
1653 2093 1717 2143 nec
1740 2077 1928 2163 minorem,
2005 2085 2008 2090 ·

398 2176 451 2247 sed
475 2195 597 2247 tantum
622 2174 735 2246 sonum
761 2179 865 2272 magia
887 2177 1036 2244 minusve
1057 2171 1180 2240 clarum
1215 2168 1307 2236 elle:
1343 2169 1480 2238 affirmat
1508 2173 1606 2238 etiam
1640 2166 1791 2239 Celsinus
1826 2170 1928 2262 (a),

397 2273 507 2343 sonum
529 2270 618 2342 coelo
643 2271 755 2341 sereno
781 2269 1011 2353 duplarium,
1034 2268 1135 2332 nodia
1161 2259 1197 2330 &
1223 2261 1365 2331 interdiu
1389 2261 1454 2331 effe
1478 2281 1573 2349 aque
1588 2261 1737 2331 velocem
1752 2267 1786 2332 in
1802 2263 1928 2339 Gallia:

397 2387 539 2439 ettamen
561 2366 748 2433 Blanconua
769 2359 864 2428 tradit
887 2357 989 2452 (b),
1017 2353 1049 2425 se
1073 2354 1342 2453 deprehendisse,
1371 2355 1486 2428 sonum
1510 2356 1628 2446 hyeme
1652 2378 1721 2428 non
1747 2358 1811 2429 effe
1836 2380 1931 2449 aeque

397 2464 547 2534 velocem
568 2478 607 2527 ac
627 2456 763 2541 aestate3
799 2454 880 2525 sono
904 2453 1023 2543 hyeme
1046 2455 1080 2524 in
1101 2452 1322 2544 percurrendo
1345 2452 1515 2531 intervallo
1552 2473 1608 2549 13.
1635 2452 1819 2528 milliarium
1845 2454 1935 2543 itali

399 2578 514 2628 corum
537 2547 643 2644 4.·ni'
668 2552 784 2643 plura,
811 2571 909 2642 quam
932 2549 1063 2634 astate,
1086 2548 1311 2642 impendente.
1580 2555 1584 2563 '

449 2684 480 2783 5.
514 2679 873 2756 MlllCCXXXVlll.
904 2677 960 2753 Ea
989 2682 1124 2780 cognita
1150 2680 1314 2752 celeritate
1345 2683 1416 2752 soni
1444 2688 1477 2757 in
1501 2684 1605 2778 spatio
1630 2690 1773 2782 quodam
1798 2680 1942 2785 percur·'

402 2784 529 2869 nendo,
553 2801 706 2852 numerus
729 2776 899 2870 pulsuum,
921 2778 987 2850 five
1008 2778 1192 2862 undarum,
1216 2799 1392 2871 earumque
1406 2776 1553 2850 distantia
1569 2789 1604 2851 in
1627 2790 1703 2854 aere
1728 2787 1799 2855 seiri
1822 2787 1930 2875 potest

402 2881 490 2973 (c).
542 2877 727 2948 Inveniatur
749 2896 903 2945 numerus
933 2877 1188 2962 vibrationum,
1221 2876 1340 2967 quihus
1373 2875 1642 2964 corpua'sonans
1673 2878 1751 2949 dato
1783 2900 1933 2970 tempore

400 2978 562 3069 agitetur,
596 2992 656 3059 per
676 2970 764 3039 hunc
787 2991 959 3040 numerum
983 2969 1145 3041 dividatur
1169 2973 1335 3061 spatium,
1368 2968 1461 3060 quod
1496 2972 1605 3061 pulsus
1638 2975 1758 3046 eodem
1784 2995 1933 3067 tempore

403 3088 591 3164 percurrero
614 3062 739 3158 pellit,
763 3060 800 3133 dt
822 3085 896 3154 para
917 3068 1047 3137 inventa
1072 3068 1134 3135 erit
1154 3069 1251 3137 unius
1278 3063 1387 3156 pulsus
1409 3063 1558 3137 latitudo.
1609 3067 1658 3139 Sit
1680 3070 1833 3158 chorda,
1858 3091 1934 3163 que

401 3217 476 3289 edat
506 3179 611 3323 ια’-ζ-
633 3216 698 3284 itus
718 3209 906 3301 reditusque
926 3230 1076 3303 tempore
1101 3207 1171 3296 ml,
1195 3193 1348 3282 &sonna
1368 3230 1535 3302 percurrat
1561 3214 1697 3305 spatium
1726 3218 1796 3288 ΑΒ
1827 3239 1933 3312 ¹07²·

402 3363 523 3456 pedum
553 3362 588 3431 in
613 3359 682 3447 ml,
706 3378 775 3431 tum
797 3356 895 3429 sonus
920 3360 1080 3430 excitatus
1099 3380 1119 3428 a
1141 3360 1251 3449 primo
1273 3357 1320 3428 itu
1347 3354 1481 3430 chordae
1503 3379 1670 3451 percurret
1694 3361 1831 3456 spatium
1855 3364 1933 3440 Ac

406 3477 505 3627 853·
524 3507 676 3597 pedum,
710 3520 886 3589 antequam
907 3501 1030 3568 chorda
1055 3506 1091 3567 in
1113 3502 1257 3572 secundo
1281 3504 1330 3571 itu
1352 3506 1469 3573 iterum
1495 3504 1608 3576 sonum
1634 3511 1801 3594 ediderit;
1832 3512 1947 3614 adeo-,¹

404 3677 471 3751 que
496 3656 579 3722 inter
601 3651 746 3740 primum
771 3640 808 3712 dt
833 3611 1009 3717 secundum
1030 3642 1145 3714 sonum
1169 3644 1341 3716 intercedit
1360 3646 1562 3719 intervallum
1583 3653 1646 3721 viae
1672 3618 1762 3773 853
1800 3629 1947 3741 pedum*
2002 3688 2007 3691 ·

405 3808 519 3895 Atque
539 3799 574 3869 in
601 3756 707 3903 12÷
730 3789 828 3861 itibus
849 3786 916 3857 hoc
941 3791 1037 3860 toties
1059 3791 1183 3862 evenit:
1210 3789 1265 3861 sed
1285 3809 1356 3864 tum
1376 3789 1425 3864 est
1447 3791 1591 3884 elapsum
1614 3815 1745 3887 tempus
1765 3785 1843 3892 ml,
1869 3801 1934 3873 five

408 3954 533 4044 primus
553 3939 661 4036 pulsus
685 3937 802 4010 sonant
826 3936 973 4026 pervenit
996 3933 1038 4004 ad
1060 3934 1119 4048 ll,
1145 3932 1181 4008 dt
1200 3940 1236 4010 in
1258 3954 1330 4010 toto
1354 3935 1457 4031 spatio
1481 3935 1551 4014 AB
1571 3946 1700 4017 excitati
1724 3944 1797 4020 sunt
1820 3949 1933 4041 pulsus
1958 4019 1961 4024 .

407 4097 556 4170 sonantes
584 4050 702 4196 12÷
730 4083 791 4178 qui
808 4101 885 4155 cura
910 4082 1066 4156 uniformi
1087 4083 1259 4160 velocitate
1282 4108 1531 4182 propagantur,
1554 4111 1670 4161 onmes
1694 4095 1809 4185 aequali
1830 4099 1930 4170 inter·

408 4244 493 4319 vallo
514 4240 533 4311 d
556 4239 588 4308 se
604 4231 749 4310 ¹absuntt
783 4231 933 4322 adeoque
957 4230 1095 4323 spatium
1119 4230 1186 4303 ΑΒ
1211 4232 1344 4304 divisum
1372 4249 1554 4324 enumero
1578 4236 1823 4335 vibrationurn,
1849 4264 1931 4334 quaa

407 4361 528 4431 corpus
550 4334 665 4407 sonans
681 4331 775 4415 edit,
800 4329 857 4401 dat
877 4326 1057 4400 distantiam
1080 4330 1163 4400 inter
1182 4328 1301 4416 sonos,
1327 4327 1650 4426 fivepulsusaireos.
1702 4334 1829 4410 Invenit
1845 4337 1925 4412 Sau-
2030 4373 2045 4384 -

408 4440 535 4510 veurius
562 4429 698 4501 fistulam
723 4448 886 4521 apertam,
911 4424 1125 4522 longitudinis
1147 4426 1269 4518 pedum
1292 4432 1420 4500 circiter
1443 4431 1616 4520 quinque,
1642 4451 1757 4505 tonum
1781 4431 1932 4509 eundem

409 4529 599 4607 edidissent
622 4526 799 4632 chordam,
823 4546 897 4620 quae
920 4541 1068 4618 tempore
1090 4521 1282 4601 moeones
1304 4525 1480 4604 oscillatut:
1504 4528 1655 4630 adeoque
1680 4531 1774 4610 undae
1798 4534 1928 4728 sonffiff,

486 4820 544 4902 (⁰)
562 4819 676 4882 L’Hist.
695 4819 732 4880 dc
751 4819 863 4882 l’Acad.
889 4822 968 4900 Roy.
990 4821 1044 4882 Δ..
1063 4822 1148 4896 ¹7³¹·

487 4902 546 4980 (l)
568 4902 734 4961 &maneat
756 4901 995 4962 nonantula.
1017 4916 1082 4977 pag.
1098 4908 1166 4976 ³⁶5·

486 4981 542 5060 (c)
563 4980 708 5049 lltvtoul
725 4978 833 5048 eruat
854 4981 960 5048 Natat·
980 4980 1089 5055 Lina.
1109 4979 1138 5058 ς.
1154 4992 1203 5061 50·
1235 5058 1296 5136 Bb
1319 4999 1450 5142 bbnbb
1585 4989 1588 4994 .
1676 4991 1682 5004 .
