4992 6767
558 693 638 776 688
871 676 1751 769 DEPROPRIETATIBUS

607 880 726 955 Similis
747 891 881 951 euentus
906 877 988 962 fuit,
1014 877 1165 970 quando,
1190 875 1290 948 antlia
1316 876 1344 945 B
1369 876 1467 965 Aqua
1489 876 1634 945 colorata
1650 877 1744 945 rubra
1758 869 1973 964 implebatur,
1998 874 2081 956 Ant·

557 979 602 1051 lia
625 981 658 1051 Λ
681 996 787 1048 autem
815 976 951 1061 Mutia,
976 975 1026 1048 vel
1048 976 1169 1066 Spiritu
1191 974 1365 1055 frumenti,
1390 969 1491 1042 Ladle
1515 974 1661 1058 bovino,
1688 972 1801 1042 Urina.

426 1075 505 1141 aaa.
608 1074 645 1149 ln
667 1076 803 1148 vasculis
829 1074 996 1144 altioribus
1016 1072 1073 1157 N,
1100 1072 1146 1155 P,
1172 1071 1264 1161 posui
1284 1070 1373 1142 duos
1394 1071 1513 1141 vitreos
1535 1095 1579 1151 a,
1605 1072 1624 1140 b
1647 1070 1795 1165 globos,
1821 1074 1925 1144 tenuis
1950 1074 2023 1143 vitri
2047 1070 2084 1146 dt

404 1158 546 1251 ¹3¹va
557 1176 642 1247 airis
665 1172 803 1264 plenos,
831 1173 887 1260 qui
902 1170 976 1241 faui
993 1170 1063 1241 sunt
1078 1191 1139 1261 pro
1157 1168 1413 1240 Thermometris
1430 1164 1681 1252 Drebbelianis,
1708 1163 1744 1236 δι
1768 1189 1843 1237 cum
1861 1170 2010 1240 brevibus
2026 1192 2082 1242 ro·

426 1254 472 1313 ἐ·
493 1253 523 1298 ⁸·
558 1272 651 1356 stris,
675 1274 709 1340 in
733 1289 873 1358 quorum
893 1289 960 1337 uno
989 1266 1097 1356 liquor
1120 1264 1297 1349 caeruleus,
1321 1266 1354 1334 in
1379 1264 1481 1335 altero
1507 1264 1627 1334 rubeus
1651 1284 1717 1334 erat
1736 1264 1896 1353 usquead
1913 1265 2083 1356 medium,

557 1370 629 1445 haec
651 1366 779 1439 vascula
800 1364 878 1435 loco
903 1366 1047 1454 priorum
1077 1362 1134 1432 sub
1155 1361 1262 1432 antliis
1296 1360 1588 1432 substituebantur:
1622 1360 1733 1431 Antlia
1759 1365 1792 1430 A
1823 1360 1975 1432 calefacta
1998 1362 2081 1450 fuit,

558 1466 587 1538 B
608 1464 771 1559 frigebat,
808 1482 882 1530 cum
908 1459 974 1551 jum
997 1462 1096 1530 ambo
1122 1457 1244 1528 emboli
1268 1458 1358 1528 srmul
1382 1458 1610 1548 premebantur
1634 1460 1668 1527 in
1693 1458 1845 1544 Antlias,
1879 1461 1934 1529 adt
1961 1459 2083 1533 calidus

558 1557 710 1651 expulsus
732 1557 792 1628 luit
813 1578 871 1646 per
896 1554 1002 1626 CEF
1025 1558 1058 1627 iu
1084 1555 1247 1627 vasculum
1273 1550 1308 1625 dt
1333 1555 1469 1650 globum
1494 1552 1555 1637 N,
1582 1556 1615 1625 in
1641 1577 1709 1644 quo
1734 1556 1802 1626 Adr
1826 1558 1999 1627 rarefactus
2022 1557 2080 1628 de·

558 1656 667 1749 preffit
680 1657 841 1745 liquorem
856 1674 896 1724 ex
909 1653 1012 1725 rostro
1030 1678 1057 1725 c.
1073 1652 1166 1744 hujus
1183 1652 1294 1747 globi,
1319 1674 1394 1723 cum
1408 1656 1460 1723 vix
1474 1651 1671 1723 afficiebatur
1688 1652 1806 1747 globus
1819 1655 1838 1723 b
1849 1654 1958 1746 jacens
1979 1656 2015 1724 in
2040 1653 2081 1726 P.

560 1753 671 1825 saltem
693 1751 802 1823 ,multo
826 1754 960 1835 minus,
993 1751 1077 1822 adeo
1104 1770 1140 1820 ut
1163 1752 1246 1844 ignis
1265 1754 1298 1821 in
1322 1754 1373 1821 ria
1396 1746 1474 1836 EG
1498 1749 1697 1840 propulsus,
1732 1771 1800 1820 non
1826 1772 1898 1822 earn
1922 1749 2080 1846 ingrell'ua

559 1851 597 1921 fit
620 1870 730 1932 totus,
753 1850 822 1918 imo
843 1868 966 1919 tantum
990 1847 1059 1939 ejus
1089 1850 1206 1943 exigua
1228 1868 1321 1937 pars,
1347 1846 1400 1917 sed
1421 1848 1464 1916 ab
1490 1849 1576 1917 nire
1599 1867 1659 1937 per
1684 1843 1760 1916 DE
1787 1845 1914 1920 fluente
1939 1846 2082 1937 repulsus

561 1949 594 2020 in
620 1947 698 2017 loco
718 1943 773 2028 E,
798 1945 881 2016 adeo
905 1965 940 2015 ut
962 1966 1038 2014 cum
1063 1947 1151 2015 Adre
1174 1942 1248 2013 ⁴CE
1272 1947 1384 2015 exierit
1408 1947 1442 2014 in
1467 1941 1510 2015 F.

426 2046 508 2109 aab.
612 2041 744 2113 Deinde
767 2040 913 2112 Antliam
936 2043 968 2111 A
989 2041 1120 2132 implevi
1141 2035 1232 2110 sumo
1251 2040 1282 2110 T
1284 2043 1394 2128 abaci,
1420 2040 1502 2112 inB
1527 2061 1626 2130 purus
1647 2040 1754 2111 modo
1780 2039 1840 2111 suit
1865 2044 1946 2114 Aer.
1971 2061 2084 2113 vascu-

408 2127 549 2220 XWI·
562 2142 591 2212 la
614 2137 670 2226 N,
696 2138 734 2210 P.
759 2138 950 2234 tegebantur
975 2136 1160 2228 operculis,
1187 2139 1306 2227 quibus
1326 2137 1484 2208 foramina
1504 2156 1593 2206 erant
1619 2137 1745 2221 incisa,
1770 2141 1983 2234 congruentia
2008 2159 2083 2209 cum

350 2235 356 2252 ’“
409 2203 474 2281 ⁸¹⁸·
490 2222 521 2268 ¹·
561 2235 696 2310 crallttie
726 2235 876 2305 tuborum
906 2232 963 2319 F,
997 2230 1032 2304 δι
1064 2232 1109 2303 G.
1144 2254 1180 2304 ut
1205 2234 1320 2303 melius
1352 2235 1500 2328 distingui
1533 2233 1618 2305 odor
1651 2236 1684 2304 in
1710 2254 1849 2323 utroque
1873 2236 1945 2308 vase
1970 2232 2084 2326 pulset.

561 2331 714 2405 Embolis
737 2332 901 2402 ambarum
926 2330 1096 2400 antliarum
1116 2329 1267 2419 deprellis
1291 2330 1409 2413 stmul,
1435 2333 1572 2401 maxima
1597 2352 1670 2421 pars
1694 2329 1776 2400 fumi
1800 2335 1885 2402 viam
1906 2354 2083 2424 ,percucur-

559 2432 603 2507 rit
626 2425 762 2511 CEF,
795 2448 909 2519 parum
937 2422 1017 2497 fumi
1037 2447 1078 2496 ex
1103 2424 1205 2496 rostro
1230 2422 1265 2494 G
1291 2423 1454 2497 effluxerat
1475 2429 1508 2495 in
1532 2426 1695 2497 vasculum
1723 2426 1761 2497 P.
1787 2427 1997 2501 nibilominus
2022 2429 2084 2500 fuit

559 2525 682 2620 aliquid
706 2523 787 2596 fumi
808 2527 841 2595 in
868 2522 915 2615 P,
940 2527 987 2595 uti
1011 2524 1114 2593 odore
1135 2520 1404 2594 manifestabatur.
1455 2522 1573 2593 Similis
1598 2521 1747 2600 consulit)
1769 2525 1803 2594 in
1828 2524 1903 2613 luoe
1923 2548 1990 2598 uon
2008 2520 2057 2596 lit.

607 2650 638 2751 ᾗ.
664 2647 973 2723 MDCLXXXVl.
999 2644 1112 2741 Quaeri
1133 2650 1168 2718 in
1186 2648 1247 2718 hac
1269 2648 1414 2718 dodlrina
1428 2647 1566 2737 plurima
1590 2648 1741 2739 pollunt,
1769 2673 1842 2742 quae
1868 2651 2082 2729 demonstrata

477 2823 482 2832 ,
559 2754 730 2840 nucusque
758 2769 826 2819 uon
850 2745 1007 2826 fuerunt,
1042 2744 1118 2815 ideo
1141 2766 1217 2815 cum
1242 2744 1283 2814 ad
1308 2744 1443 2834 plenum
1473 2743 1672 2816 intellectum
1697 2748 1811 2837 pedus
1835 2748 2011 2823 humanum
2035 2758 2086 2826 ni·

560 2850 624 2920 mis
648 2843 819 2939 angustum
841 2842 907 2926 eil,
933 2841 1050 2912 horum
1081 2843 1241 2912 rationem
1267 2839 1481 2931 conjectando
1508 2838 1627 2930 alequi
1646 2847 1761 2914 conati
1785 2844 1854 2917 sunt
1877 2843 2085 2942 Philosophi,

563 2943 618 3020 sed
639 2964 713 3033 quae
736 2958 867 3013 manent
891 2943 1027 3008 incerta:
1054 2938 1159 3025 qualia
1183 2938 1263 3006 sunt.
1345 2990 1349 2998 .
2043 3003 2048 3011 ¹

615 3058 663 3107 10.
689 3041 744 3105 An
764 3036 851 3128 ignis
876 3030 1004 3103 &Lux
1028 3032 1074 3102 est
1090 3032 1176 3101 idem
1191 3035 1339 3121 corporis
1356 3034 1486 3127 genus?
1513 3036 1669 3107 nonnulla
1694 3040 1781 3111 idem
1807 3038 1870 3111 elle
1895 3040 2081 3130 suaderent,

564 3130 639 3225 ¹quia
662 3129 730 3199 sere
755 3132 942 3215 ubicunque
972 3125 1105 3216 copiosa
1134 3125 1179 3195 est
1201 3123 1299 3212 Lux,
1326 3130 1371 3197 ibi
1399 3130 1495 3223 lgnis'
1512 3130 1582 3201 sunt
1607 3132 1848 3223 Charadleres,
1873 3140 1920 3210 uti
1941 3141 1977 3211 iu
2001 3138 2083 3214 focis

562 3228 756 3303 ulloriorum
773 3222 1001 3313 speculorum,
1025 3218 1059 3291 dt
1083 3222 1116 3290 in
1133 3219 1275 3293 flammis
1290 3225 1471 3296 ardentium
1494 3248 1681 3319 corporum.
1730 3235 1883 3307 Attamen
1907 3233 1989 3309 fufio
2010 3259 2085 3311 oor·

552 3341 684 3417 qaorum
705 3322 739 3390 in
765 3322 840 3413 igne
854 3316 899 3387 est
916 3318 1017 3388 modo
1032 3319 1292 3409 partiumaliqua
1302 3319 1463 3412 separatio
1488 3346 1563 3395 cum
1579 3348 1684 3398 motu
1708 3332 1902 3421 conjuncta.-
1934 3315 2000 3406 ¹An
2014 3358 2082 3407 non

564 3416 693 3513 pollent
713 3413 890 3489 diverlltma
914 3436 1053 3505 corpora
1079 3414 1176 3488 edere
1199 3416 1316 3488 ssmiles
1340 3417 1496 3491 effeetus?
1531 3422 1608 3494 ideo
1632 3426 1716 3519 ignis
1740 3426 1899 3516 refundit,
1924 3428 1997 3502 Lux
2023 3432 2083 3503 So·

562 3517 622 3599 lis,
646 3512 721 3587 Lux
737 3512 886 3587 eledlrica
902 3511 1062 3584 refundit:
1088 3508 1180 3585 &an
1198 3536 1266 3586 non
1288 3514 1348 3585 alia
1372 3514 1476 3589 fluida
1494 3518 1621 3590 solvunt
1633 3543 1793 3613 corpora,
1816 3547 1997 3619 eorumque
2012 3549 2083 3619 pat·

568 3633 617 3694 tus
635 3610 778 3706 separant
794 3605 829 3682 δι
844 3612 998 3683 movent?
1024 3610 1100 3682 ideo
1115 3634 1183 3682 non
1208 3612 1254 3682 est
1274 3613 1358 3685 adeo
1384 3614 1605 3702 manifestum,
1629 3617 1743 3712 Ignem
1758 3619 1822 3691 elle
1838 3621 1986 3711 Lucem3
2013 3628 2078 3698 imo
2146 3637 2149 3649 ·

461 3751 463 3756 -
566 3709 645 3794 suut
660 3708 809 3802 quaedam
835 3707 1073 3799 phaenomena,
1096 3727 1138 3775 ex
1168 3711 1286 3797 quibus
1310 3708 1384 3779 Lux
1404 3734 1480 3782 eum
1503 3713 1583 3807 Igne
1605 3715 1737 3787 differre
1759 3718 1896 3791 videtur.

620 3829 667 3877 ιο.
694 3805 782 3876 Nam
814 3804 1004 3871 eledricitas
1033 3800 1167 3886 copiosa
1198 3802 1301 3892 fulget
1331 3804 1415 3873 clara
1444 3807 1548 3889 luce,
1579 3830 1653 3897 quae
1684 3834 1780 3897 non,
1815 3836 1870 3882 aut
1900 3821 1952 3886 vix
1982 3820 2082 3893 calet:

569 3921 621 3977 ς’.
645 3899 755 3970 Multa
777 3897 907 3977 lucent,
932 3915 1006 3983 quae
1031 3913 1099 3961 non
1122 3891 1252 3977 calent,
1276 3892 1312 3964 δι
1334 3893 1408 3965 Lux
1429 3902 1462 3967 in
1475 3920 1616 3989 corpore
1632 3904 1824 3975 delitescens
1840 3910 1881 3975 ab
1896 3914 1973 4001 igne
1987 3919 2088 4007 agita·

569 4020 622 4074 mr
638 4015 674 4068 ut
691 3997 818 4077 luceat,
842 4013 917 4064 cum
940 3990 1031 4062 idem
1052 4008 1173 4080 corpus
1198 3990 1330 4080 expulsa
1351 3990 1424 4061 luce
1447 3995 1603 4087 agitatum
1625 3998 1666 4066 ab
1691 4002 1767 4093 igne
1791 4019 1857 4067 non
1883 4004 2021 4090 amplius
2037 4010 2087 4078 lu·

566 4116 655 4170 cert:
680 4092 715 4168 id
737 4092 865 4163 obtinet
889 4092 921 4160 in
947 4084 1154 4170 Maiacbiris,
1178 4084 1304 4179 Lapide
1322 4087 1497 4175 bernenii,
1521 4089 1707 4181 Cryllallis,
1732 4091 1985 4182 Adamantibus,
2011 4123 2087 4192 quae

534 4247 542 4268 ι
567 4212 663 4266 autea
685 4189 813 4273 lucem,
834 4189 890 4259 cui
917 4183 1061 4274 expolita
1082 4181 1239 4269 fuerunt,
1261 4186 1489 4272 imbiberunt,
1516 4184 1552 4258 dt
1575 4210 1649 4280 quae
1673 4190 1782 4282 elapso
1806 4212 1954 4283 tempore
1979 4202 2087 4287 quies·
2116 4261 2120 4266 .

569 4289 720 4370 centibus
741 4287 823 4358 lucis
845 4280 1009 4374 particulis
1034 4301 1107 4352 uon
1132 4281 1267 4353 lucent:
1299 4282 1370 4354 brec
1391 4289 1425 4356 in
1449 4285 1611 4357 cochleari
1634 4309 1789 4384 argenteo
1814 4289 1949 4375 calido,
1975 4294 2028 4364 vel
2051 4299 2086 4369 in'

568 4386 665 4476 Aqua
689 4382 791 4454 calida
812 4377 915 4467 polita
934 4376 1102 4467 extemplo
1125 4376 1253 4449 lucent:
1278 4401 1357 4451 mox
1384 4403 1478 4471 aquae
1499 4382 1541 4453 fri
1567 4383 1627 4455 'dae
1651 4385 1767 4477 injecta
1791 4387 1902 4457 lucere
1917 4388 2083 4463 delirum:

569 4485 603 4551 in
623 4502 682 4550 ore
701 4474 991 4583 calefatlaoiterum
1017 4473 1153 4544 lucent:
1186 4472 1243 4545 sub
1280 4478 1377 4566 Aqua
1404 4478 1519 4574 frigida
1542 4403 1704 4577 {algorem
1728 4483 1832 4556 rursus
1857 4506 2011 4576 ponunt,
2050 4485 2087 4559 ἃ

568 4576 642 4665 poll
665 4576 789 4665 aliquot
812 4570 994 4662 hujusmodi
1018 4572 1220 4656 tentamina,
1252 4575 1286 4643 iu
1311 4575 1428 4662 quibus
1455 4573 1607 4647 calefacta
1636 4579 1760 4673 semper
1783 4584 1889 4653 minus
1913 4586 2087 4674 minusque

569 4669 751 4757 lucebant,
782 4666 911 4746 tandem
940 4690 1009 4743 nun
1033 4665 1171 4757 amplius
1190 4668 1303 4742 lucent
1326 4674 1471 4761 quamvis
1506 4671 1658 4748 calefacta
1693 4677 1801 4773 (a),
1833 4679 1916 4750 adeo
1942 4702 1977 4751 ut
2002 4682 2084 4776 ignis

599 4821 602 4828 .
704 4829 706 4838 ,
814 4793 816 4800 ·
858 4813 860 4819 -
1142 4829 1154 4837 ..
1301 4797 1309 4841 5
2016 4796 2086 4848 tum

577 4907 584 5042 ,1
613 4939 1050 5048 ’ξσὶᾱιιιιμιιιιβοιοιιι
1072 4964 1144 5028 Vol.
1162 4980 1193 5046 a,
1212 4969 1366 5046 mauu,
1397 5027 1407 5036 ,,
1437 5007 1457 5061 .·
1500 5028 1506 5036 ,
1559 5029 1564 5036 ,
1615 4992 1620 5035 .;
