4992 6767
565 707 646 793 992
778 660 1439 761 namucnoars
1499 647 1864 771 aQunrs.

614 875 698 948 llaec
720 872 830 944 omnia
850 865 999 959 pendent
1022 883 1041 932 a
1064 861 1095 931 vi
1120 856 1319 942 attrahente,
1345 877 1420 947 quae
1446 855 1481 926 in
1502 853 1656 927 omnibus
1677 859 1875 951 corponbus
1901 857 2037 959 differt,
2063 866 2100 944 ᾱ

569 995 693 1049 tantum
716 991 757 1041 ex
776 963 1054 1040 observationibus
1075 957 1295 1052 cognoscitur.

606 1081 651 1211 ς.
678 1100 908 1182 lllNlCCCL.
935 1103 1018 1174 Sunt
1033 1098 1130 1180 loca,
1146 1099 1180 1167 iu
1204 1095 1324 1186 quibus
1344 1088 1419 1164 Ros
1436 1110 1559 1164 tantum
1583 1095 1618 1166 in
1635 1091 1772 1167 sublime
1788 1095 2001 1190 adscendere,
2026 1123 2100 1176 non

572 1215 637 1288 lobi
664 1207 868 1289 observatum
893 1199 993 1271 veluti
1021 1201 1054 1266 in
1079 1190 1186 1264 Haliia
1207 1191 1408 1263 observatum
1433 1211 1453 1261 a
1477 1187 1533 1262 Cl.
1554 1187 1749 1280 Gerllenio,
1777 1193 1903 1268 Parisiis
1919 1194 1986 1289 jam
2004 1220 2097 1272 anno

579 1309 683 1399 1687.
710 1301 744 1374 δι
766 1323 784 1371 a
810 1309 855 1371 du
873 1297 942 1385 Fay
963 1292 1093 1387 postea:
1119 1287 1188 1360 sunt
1212 1287 1314 1374 loca,
1340 1289 1373 1357 in
1395 1288 1515 1378 quibus
1529 1285 1605 1361 Ros
1623 1289 1811 1378 adscendit,
1833 1290 1868 1363 dt
1886 1291 2029 1380 labitur,
2051 1299 2100 1370 uti

574 1408 630 1479 hic
654 1401 776 1490 Leydae
801 1398 855 1476 lit,
880 1414 954 1464 nam
980 1391 1099 1460 labitur
1118 1389 1151 1456 in
1177 1405 1335 1477 corpora,
1361 1404 1436 1474 quae
1454 1383 1564 1476 jacent
1582 1387 1665 1460 inter
1689 1391 1773 1460 tedia
1796 1389 1917 1462 aedium
1933 1391 1975 1462 ad
1993 1392 2099 1465 altitu·

576 1503 687 1577 dinem
715 1517 760 1586 30
786 1491 907 1583 pedum
926 1510 945 1558 a
968 1486 1058 1577 solo,
1083 1479 1118 1553 ὅ(
1143 1481 1179 1553 fit
1203 1482 1291 1554 idem
1314 1480 1501 1574 OEuajedii,
1525 1485 1570 1555 ibi
1592 1485 1716 1559 dolium
1740 1490 1828 1558 intus
1857 1481 2007 1560 &extus
2031 1496 2100 1582 pic·

578 1617 669 1685 tum,
698 1613 744 1683 30
767 1587 848 1680 poll.
873 1586 973 1656 altum
1000 1581 1092 1675 posui
1116 1581 1149 1652 in
1173 1578 1392 1652 observatorio
1416 1578 1669 1666 Astronomico,
1694 1583 1858 1654 infundo
1880 1583 1979 1658 stabat
1994 1589 2101 1659 inver-

577 1692 611 1764 sa
633 1708 790 1781 campana
810 1685 931 1776 vitrea,
956 1681 1027 1752 haec
1052 1677 1186 1773 collegit
1210 1679 1243 1748 in
1268 1697 1349 1747 cavo
1376 1672 1525 1762 Rorem,
1550 1677 1702 1768 adeoque
1725 1676 1800 1751 Ros
1823 1681 1870 1750 ibi
1894 1702 1970 1754 vere
1995 1683 2101 1776 lapsus

575 1787 659 1874 suit,
685 1802 889 1877 quaecunque
913 1778 1006 1852 causa
1035 1776 1176 1849 labentis
1197 1772 1300 1847 Roris
1328 1772 1446 1858 suerit,
1467 1776 1661 1866 ceteroquin
1680 1776 1822 1848 creditur
1844 1776 1971 1849 undoso
1985 1782 2101 1876 ¹agitati

575 1905 694 1969 motu,
719 1879 754 1953 bt
780 1900 856 1951 cum
877 1898 976 1951 vento
1000 1872 1161 1967 propelli,
1186 1892 1284 1963 atque
1306 1873 1371 1955 ita,
1395 1868 1473 1940 dum
1495 1869 1638 1962 superius
1653 1893 1831 1949 memorata
1845 1896 1988 1968 corpora
2002 1897 2103 1948 trans·

576 1984 677 2067 libat,
703 1978 942 2059 adhaerescere,
967 1973 1018 2047 vel
1042 1992 1110 2043 non
1136 1970 1384 2054 adhaerescere,
1409 1986 1508 2060 prout
1530 1968 1746 2042 attrabebttut
1768 1972 1818 2044 vel
1841 1993 1931 2054 non,
1960 1973 2102 2046 sednon

580 2084 657 2174 quia
679 2077 841 2148 laberetur
862 2072 1029 2143 deorsum:
1054 2067 1218 2140 undosum
1242 2087 1370 2138 morum
1392 2065 1471 2136 licet
1493 2085 1562 2135 non
1580 2086 1717 2162 negem,
1741 2087 1816 2138 eum
1841 2089 2044 2142 tamennon
2059 2067 2104 2140 es·

579 2179 680 2250 ficere
705 2168 865 2264 potuisse,
890 2188 927 2237 ut
953 2167 1027 2236 Ros
1043 2169 1077 2232 in
1099 2184 1255 2251 campana
1276 2164 1392 2247 vitrea,
1418 2182 1492 2250 quae
1516 2181 1581 2231 erat
1602 2164 1636 2234 in
1653 2161 1764 2250 dolio,
1788 2163 2020 2259 colligeretur,
2048 2187 2106 2238 aut

580 2278 666 2346 inter
690 2271 773 2337 terra
796 2264 914 2335 aedium
938 2259 1155 2342 adstantium,
1189 2256 1235 2327 est
1258 2278 1356 2348 quam
1379 2255 1612 2343 certissimum,
1642 2257 1724 2327 adeo
1745 2278 1783 2330 ut
1810 2260 1853 2331 de
1875 2261 1968 2350 lapsu
1993 2259 2105 2334 Roris

581 2364 772 2456 Ultrajedii,
798 2357 834 2432 da
857 2357 980 2449 Levdae
1001 2377 1068 2430 non
1090 2355 1248 2426 dubitem.
1298 2353 1420 2447 Majori
1442 2374 1550 2425 tamen
1566 2357 1662 2446 copia
1680 2352 1820 2439 sorsum,
1837 2375 1935 2446 quam
1949 2358 2104 2430 deorsum

582 2465 705 2548 fertur,
729 2462 776 2532 uti
795 2458 923 2529 laminae
948 2458 1055 2528 vitreae
1082 2456 1114 2524 in
1140 2455 1214 2524 a‘e‘re
1239 2452 1410 2545 pendulae,
1429 2450 1464 2523 dt
1487 2450 1655 2548 superficie
1677 2451 1822 2524 insetioti
1841 2452 1916 2544 plus
1937 2475 2106 2542 rorantes,

585 2582 684 2656 quam
715 2554 891 2647 superiori,
924 2550 1094 2625 manifesto
1128 2551 1289 2642 probant:
1315 2548 1369 2620 sed
1401 2571 1470 2622 non
1493 2547 1580 2622 cadit
1610 2547 1685 2622 Ros
1706 2570 1749 2622 ex
1771 2551 1868 2644 aere,
1891 2552 1925 2622 in
1947 2573 2105 2645 corpora,

587 2662 664 2752 quin
689 2655 748 2725 a’e'r
772 2654 817 2723 ob
843 2650 943 2746 frigus
963 2648 1134 2719 humorem
1159 2650 1297 2719 retinere
1320 2648 1452 2740 nequit;
1478 2667 1548 2718 tum
1570 2649 1659 2720 enirn
1680 2643 1844 2720 laberetur
1858 2651 1894 2720 in
1909 2653 2022 2721 omnia
2037 2672 2104 2724 cor·

586 2776 669 2849 pore
688 2751 780 2843 juxta
803 2748 834 2818 se
859 2748 962 2839 polita
983 2745 1104 2835 absque
1128 2745 1335 2829 discrimine,
1361 2766 1436 2816 cum
1461 2764 1568 2815 tamen
1596 2766 1665 2816 non
1693 2743 1819 2818 labatur
1842 2747 1875 2819 in
1897 2747 2030 2818 metalla
2047 2770 2104 2840 po

588 2853 674 2935 lita,
708 2844 952 2934 nonntdlosque
974 2842 1115 2934 lapides,
1146 2863 1216 2933 quo
1240 2862 1387 2933 tempore
1409 2840 1542 2934 copiose
1566 2839 1734 2940 colligitur
1751 2845 1789 2914 in
1811 2845 1890 2916 valis
1918 2848 2048 2930 vitreis,
2072 2843 2105 2916 dt

587 2946 770 3044 myrrhinis.
822 2939 1000 3012 Attendere
1024 2941 1112 3032 coepi
1135 2939 1178 3009 ad
1200 2938 1473 3023 Eledlriciratem,
1506 2959 1548 3009 an
1571 2957 1615 3010 ex
1638 2961 1678 3036 ea
1702 2939 1823 3031 aliquid
1849 2941 1931 3013 lucis
1958 2941 2106 3014 soenerari

588 3041 740 3139 possem?
771 3039 837 3110 Sed
860 3037 997 3107 candide
1020 3035 1143 3122 fateor,
1169 3056 1222 3106 me
1245 3035 1300 3107 hic
1326 3035 1406 3106 nihil
1428 3036 1597 3130 hucusque
1619 3035 1795 3121 detexisse,
1820 3060 1895 3111 cum
1919 3040 2108 3111 electricitas

590 3139 743 3213 facillime
767 3133 886 3206 influat
907 3135 941 3203 in
964 3132 1111 3217 metalla,
1140 3155 1214 3222 quae
1236 3154 1305 3206 non
1327 3132 1399 3203 sunt
1420 3131 1660 3221 idioeledrioa3
1683 3133 1889 3223 difficillime,
1916 3157 1971 3207 aut
1990 3140 2041 3208 vix
2067 3141 2108 3206 ir·

590 3255 683 3325 repat
698 3238 732 3301 in
747 3234 883 3311 vitrum,
900 3225 935 3297 δι
954 3231 987 3298 in
1004 3227 1244 3315 idioeledlric23
1269 3230 1367 3318 ide0,
1392 3231 1415 3302 fi
1440 3231 1525 3305 circa
1546 3229 1676 3306 Rorem
1696 3231 1733 3302 lit
1748 3233 1932 3303 circumfusa
1948 3233 2109 3304 eleclrici·

593 3351 663 3416 tas,
683 3329 753 3399 haec
781 3330 814 3397 in
838 3324 965 3394 metalla
986 3326 1131 3415 irrepens
1151 3324 1296 3415 faceret,
1320 3348 1357 3399 ut
1377 3325 1453 3399 Ros
1474 3330 1586 3418 potius
1608 3328 1764 3400 laberetur
1775 3330 1808 3398 in
1829 3327 1973 3409 metalla,
2000 3350 2105 3417 quam

592 3432 628 3498 in
650 3428 787 3507 vitrum,
811 3444 831 3493 a
853 3443 921 3513 quo
942 3421 1173 3515 repelleretur,
1197 3424 1296 3497 veluti
1319 3425 1464 3516 plumula
1484 3424 1632 3496 eledtrica
1649 3427 1684 3496 in
1700 3427 1772 3496 adra
1793 3425 1906 3497 volans
1924 3447 1944 3494 a
1959 3427 2044 3495 tubo
2059 3428 2112 3496 vi-

592 3542 667 3595 treo
688 3520 841 3593 eledirico
863 3518 1044 3611 repellitur:
1070 3520 1094 3590 sr
1118 3521 1206 3592 nulla
1227 3521 1265 3588 sit
1287 3523 1478 3591 electricitas
1499 3524 1533 3589 in
1557 3519 1678 3604 Rore,
1702 3541 1766 3591 nae
1787 3523 1823 3594 ln
1844 3519 2007 3605 metallo,
2040 3539 2112 3592 tum

592 3641 690 3695 metu
713 3618 825 3689 amisso
849 3618 988 3709 partium
1013 3618 1211 3702 rorantium,
1236 3616 1365 3686 metalla
1388 3638 1462 3687 rore
1487 3615 1778 3689 obnubilnaentora
1807 3614 1862 3686 sed
1882 3619 1918 3687 in
1936 3614 2112 3689 Gennania

594 3714 832 3799 aGerllenio,
859 3709 895 3782 dt
916 3715 950 3783 in
974 3710 1083 3782 Gallia
1104 3732 1124 3781 a
1142 3711 1189 3783 du
1210 3711 1281 3801 Fay
1301 3713 1503 3785 observmum
1526 3713 1563 3783 id
1580 3733 1651 3786 non
1673 3714 1739 3806 esl:
1763 3711 2027 3806 podusrerrollio
2042 3713 2112 3785 Ro·

593 3818 641 3890 ris
664 3836 684 3881 a
706 3811 868 3881 metallis:
901 3806 1024 3898 Leydae
1045 3828 1155 3879 autem
1177 3808 1282 3899 lapsus
1307 3809 1409 3882 Roris
1434 3814 1468 3881 in
1490 3808 1645 3882 metalla:
1680 3809 1784 3883 Roris
1804 3811 1911 3904 lapsus
1929 3809 1967 3886 in
1997 3815 2111 3884 vittam

595 3906 702 4000 pollet
726 3904 868 4003 pendere
893 3905 933 3973 ab
957 3903 1165 3975 eleetncinte
1184 3903 1298 3997 majori
1322 3911 1358 3977 in
1382 3911 1486 3993 vitro,
1508 3923 1613 3998 quam·
1624 3912 1659 3980 in
1672 3907 1791 3993 Rom,
1816 3929 1914 4003 αφ
1928 3929 1997 3982 nan
2013 3908 2113 3999 pollet

598 4003 675 4074 Ros
697 4003 765 4092 rapi
792 3999 834 4070 ad
856 4002 998 4072 vitrum:
1030 4003 1145 4096 ecquis
1167 4024 1236 4076 non
1257 4002 1345 4076 videt
1371 4004 1425 4077 hic
1447 4006 1570 4080 harere
1599 4003 1850 4096 diffimlatem,
1880 4001 1918 4080 dt
1948 4005 2028 4079 nihil
2052 4005 2114 4078 elle

595 4098 695 4194 plane
717 4117 943 4191 compertum,
964 4098 1016 4171 vel
1039 4096 1237 4190 expeditum.

645 4244 677 4343 5.
702 4242 949 4318 MMCCCLI.
982 4243 1065 4317 Non
1090 4266 1201 4334 rorat,
1224 4249 1281 4322 nifi
1305 4270 1432 4343 tempus
1461 4271 1481 4323 a
1503 4253 1607 4326 ventis
1629 4249 1736 4337 dieat,
1760 4269 1890 4322 notante
1918 4249 2118 4320 Aristotele:

597 4344 726 4417 Ventus
752 4347 838 4415 enim
865 4341 941 4412 licet
965 4340 1047 4414 lenis
1073 4343 1268 4442 allurgentes
1293 4348 1408 4420 halitus
1430 4350 1580 4424 roscidos
1604 4348 1694 4420 illico
1715 4348 1817 4419 secum
1838 4347 1973 4436 abripit,
2001 4343 2038 4414 dt
2061 4346 2118 4416 ad·

597 4441 774 4526 scendere,
798 4461 837 4509 ³0
861 4439 925 4509 labi
951 4440 1106 4530 impedit:
1131 4465 1206 4514 cum
1226 4446 1348 4520 eoelum
1373 4449 1511 4520 omnino
1525 4445 1594 4520 erar
1610 4467 1725 4534 expers
1748 4448 1854 4526 venti,
1876 4442 2043 4515 observavi
2066 4442 2116 4512 sae·

598 4558 643 4626 pe
667 4537 791 4607 duabus
816 4535 956 4607 tribusve
981 4536 1068 4610 horis
1093 4540 1166 4630 post
1191 4542 1279 4614 Solis
1302 4543 1452 4615 occasum
1475 4544 1614 4618 multum
1647 4543 1747 4614 Roris
1773 4538 1951 4625 cecidisse,
1985 4539 2116 4629 sequen·

601 4632 686 4701 tibus
710 4632 799 4703 horis
823 4634 948 4719 minus,
973 4639 1119 4707 omnium
1146 4640 1280 4711 minime
1304 4642 1409 4712 rnedid
1434 4645 1559 4732 nodie,
1587 4642 1760 4731 plurimum
1785 4643 1902 4710 iterum
1925 4640 2013 4708 circa
2038 4636 2117 4706 Solis

598 4748 725 4800 ortum:
759 4730 830 4815 post
853 4751 959 4803 ortum
980 4733 1065 4804 Solis
1090 4735 1170 4806 nihil
1197 4738 1323 4810 labitur.
1375 4740 1408 4810 Si
1436 4761 1523 4813 roret
1545 4743 1670 4812 oriente
1697 4739 1795 4820 Sole,
1818 4733 1853 4807 ὅ(
1886 4736 1969 4805 lenis
2004 4737 2116 4803 oriatur

600 4847 735 4934 ventus,
762 4822 835 4895 Ros
861 4826 915 4894 sub
941 4828 1043 4902 sonna
1065 4835 1160 4905 nubis
1183 4838 1215 4906 in
1238 4859 1320 4907 areae
1339 4836 1408 4907 solo
1430 4842 1571 4929 repentis
1595 4836 1787 4926 propellitur
1807 4855 1922 4905 contra
1940 4830 2114 4910 obslacuir,

593 4934 647 4988 Μ
668 4924 822 5013 libOfeis
848 4924 966 4999 domos
991 4924 1057 5006 &o
1083 4933 1381 5031 condensaturque,
1406 4938 1528 5015 deinde
1549 4958 1569 5009 a
1590 4936 1676 5010 Solis
1690 4935 1787 5010 radiis
1808 4931 1999 5020 diffluatur,
2025 4927 2053 4996 d
2082 4947 2112 4992 e·

600 5021 754 5105 vanescit.
1830 5025 1863 5125 p.
1889 5019 2113 5097 mulcebit.
