4992 6767
300 701 400 815 ,m
566 673 667 770 ou
721 659 1042 765 sturno
1099 609 1189 762 sni
1249 671 1606 767 urrunnu.

374 909 419 961 tos
448 878 560 972 sigum
585 868 789 965 spinaticos,
822 891 877 943 aut
907 851 1115 966 sphaeroideae
1142 870 1219 943 tile.
1279 892 1327 944 1⁰.
1360 868 1449 966 Quia
1473 893 1614 964 corpora
1640 876 1733 972 hujus
1760 880 1845 982 lipr-

320 1013 362 1067 ῃ
386 971 590 1168 lubri(cisl{me
614 971 708 1064 supra
733 973 764 1043 k
789 973 915 1043 moveri
938 972 1090 1062 volvique
1115 969 1275 1062 possunt,
1304 969 1404 1043 veluti
1436 967 1610 1044 liuldonmr
1644 996 1752 1069 partes
1776 1003 1850 1054 nro·

313 1099 433 1159 centur
540 1115 551 1141 s
1162 1099 1166 1110 ·

370 1196 422 1251 20.
455 1170 545 1267 Quia
570 1187 679 1261 partes
709 1166 921 1261 plurimorum
949 1164 1125 1238 fluidomnr
1156 1163 1323 1260 majores,
1358 1186 1431 1256 quae
1451 1186 1518 1258 ope
1545 1165 1850 1263 Mictuscopiorutn

318 1269 419 1355 deleri
440 1265 592 1367 possunt,
616 1267 764 1339 rotunda
785 1269 884 1353 scrut,
914 1266 1015 1337 veluti
1038 1263 1112 1337 sunt
1132 1263 1230 1350 Lac,
1263 1259 1424 1360 Sanguis,
1451 1255 1587 1352 Serum,
1612 1267 1712 1338 multa
1738 1267 1850 1359 Olea,

321 1373 533 1456 Mercurius,
560 1368 633 1439 Αὲῐ
652 1369 686 1438 in
710 1367 822 1457 aliquo
842 1364 972 1458 liquore
995 1361 1190 1453 conspicuus
1214 1360 1340 1454 semper
1368 1360 1452 1433 hanc
1476 1361 1613 1435 sormam
1638 1365 1789 1438 exhibet:
1815 1369 1857 1441 Si-

322 1475 430 1548 limrus
455 1469 635 1541 carbonum
658 1466 838 1556 excipiatur
863 1463 905 1564 iu¹
923 1458 1094 1554 superficie
1120 1459 1219 1551 plana¹
1241 1453 1382 1551 speculi,
1419 1455 1454 1531 u
1479 1457 1708 1556 Microscopio
1732 1465 1853 1556 specie·

326 1589 398 1648 rtrr,
422 1567 471 1641 nii
486 1561 564 1639 nili·-
577 1577 686 1636 meros
713 1560 868 1660 globulos
891 1560 1032 1631 exhibet.
1082 1554 1268 1628 Dcthsmus
1290 1577 1428 1649 vapores
1447 1560 1488 1628 iu.
1503 1557 1638 1630 obscura
1664 1565 1855 1635 examinans-

323 1663 480 1754 cuurers,
517 1659 749 1760 Microscopio
773 1659 944 1751 spinaticos
976 1655 1131 1758 inveniet·
1167 1647 1201 1726 Si
1229 1658 1264 1726 in
1290 1651 1611 1754 fluidis·.crassrurunr
1635 1659 1773 1752 partium
1800 1683 1854 1731 ro·

326 1768 471 1841 tunditur
487 1764 567 1849 lit,
597 1758 781 1853 Analogice
813 1751 1039 1826 concludimus
1063 1771 1135 1824 carn
1166 1749 1231 1823 else
1258 1773 1392 1844 quoque
1418 1753 1452 1824 ln
1480 1749 1597 1826 fluidis
1613 1754 1855 1828 subtilioribus:

325 1866 411 1942 Non
431 1881 542 1936 tamen
566 1875 694 1948 partes,
720 1875 794 1944 quae
818 1854 851 1922 in
876 1867 1076 1941 quocunque
1097 1850 1201 1932 fluido
1220 1850 1316 1921 millo
1341 1848 1433 1935 sunt,
1458 1869 1552 1922 erunt
1576 1852 1744 1939 rotunda,
1770 1855 1854 1945 saepc

326 1967 416 2037 enirn
432 1958 541 2029 multa
562 1955 780 2047 heterogenea
808 1948 878 2019 lunt
900 1950 1065 2034 immixta3
1090 1948 1190 2021 veluti
1205 1947 1379 2038 pulvisculi
1400 1950 1433 2018 in
1461 1950 1536 2018 aire
1559 1948 1729 2022 volitantes
1755 1956 1855 2023 varia·

327 2049 713 2132 mmsunttformcrun13
739 2046 828 2117 Sales
852 2046 885 2116 in
912 2045 1021 2117 inultis
1044 2049 1137 2136 aquis
1157 2044 1327 2120 corrolivis
1350 2043 1422 2116 sunt
1447 2046 1562 2134 acuti,
1586 2046 1743 2144 oblongi,
1770 2046 1861 2119 Olea·

326 2143 499 2250 stannus,
517 2159 585 2218 tum
612 2141 772 2252 ¹&oleum
788 2143 967 2227 olivarum,
991 2163 1108 2234 prater
1124 2141 1301 2240 globulos,
1323 2142 1400 2214 alias
1423 2141 1657 2242 heterogencss
1682 2145 1865 2235 particulas

328 2254 527 2325 continents·
545 2241 668 2315 Vtrum
690 2242 757 2313 -hoc
782 2261 850 2312 nou
873 2239 1003 2323 obstat,
1025 2236 1105 2329 quin
1127 2259 1234 2331 partes
1262 2239 1476 2330 plurimorum
1504 2231 1704 2318 sincerorum
1738 2241 1858 2314 fluido-

327 2365 400 2424 mm
421 2347 485 2418 lint
499 2339 542 2413 ¹l'n
556 2340 701 2411 immam
722 2339 811 2409 orbis
831 2336 969 2409 absoluti
991 2336 1154 2432 globatae:
1175 2332 1392 2407 nihilominus
1416 2335 1487 2407 haec
1513 2336 1667 2430 serpentis
1694 2342 1777 2411 luter
1800 2339 1856 2409 dess
1995 2337 2004 2346 ’

327 2441 519 2518 monstratas
540 2436 741 2530 numerandu
759 2434 917 2508 nauelis
950 2433 1124 2527 quianon
1151 2431 1198 2505 cst
1224 2431 1345 2504 stabilis
1377 2429 1414 2504 ἁ
1451 2429 1601 2505 consla'ns
1627 2436 1794 2509 conclusio
1818 2457 1867 2509 ers

325 2534 506 2636 Anulogim
619 2547 623 2556 '
1215 2553 1219 2564 ¹
1509 2543 1543 2622 f·

373 2664 404 2765 ᾗ.
431 2656 701 2756 MCCXXXIV.
735 2655 897 2732 muniat
931 2680 973 2731 ex
1002 2654 1208 2749 corpusculis
1234 2639 1443 2746 spliaeroideis
1474 2625 1733 2746 comiiomutur,
1758 2657 1860 2729 multa

325 2763 409 2837 int'c't
430 2762 463 2833 se
492 2759 679 2852 'relinquent
709 2758 909 2838 interstitia,
940 2757 974 2825 in
997 2775 1073 2846 quae
1099 2756 1243 2824 minores
1266 2769 1374 2838 partes
1406 2751 1545 2844 irrepere
1575 2749 1706 2838 possunt
1737 2755 1861 2840 absque¹

328 2849 555 2934 nutius'nr'alsae
577 2857 857 2929 intumesctn'tiar·
877 2852 966 2919 Hinc
991 2847 1123 2935 quando
1147 2839 1200 2911 Sal
1217 2862 1310 2931 aquae
1335 2840 1469 2934 injecius
1493 2839 1624 2910 solvitur
1646 2839 1682 2910 δι
1704 2846 1859 2932 tabescit,

325 2945 607 3034 inremissam.
631 2949 833 3104 infixerunt,
859 2937 895 3010 ἀ
911 2937 1084 3010 vacuitates
1116 2935 1290 3005 nonnullas
1318 2934 1459 3023 implet3
1486 2935 1672 3005 accuratius
1688 2935 1810 3026 id·fit,
1834 2941 1868 3014 fii

327 3057 439 3124 denuo
462 3031 629 3133 adjiciaiur
670 3053 843 3118 actarum,
859 3032 967 3128 'quoti
986 3035 1021 3104 in
1045 3029 1225 3123 superstites
1251 3031 1420 3101 inanitates
1444 3033 1577 3124 irrepit,
1604 3028 1638 3101 ut
1663 3035 1779 3109 melius
1800 3038 1866 3112 aa.
1901 3050 1904 3054 ·

328 3144 416 3229 lruc,
441 3137 583 3209 alumine
603 3131 718 3203 'denuo
742 3129 881 3224 adjecto.
1205 3153 1207 3158 ·
1905 3123 1912 3134 ·

378 3263 411 3366 ς.
436 3256 697 3337 MCCXXXV.
730 3257 765 3334 si
793 3256 929 3330 intense
958 3275 1191 3349 comparentur
1215 3254 1345 3344 liuida,
1379 3278 1455 3329 nou·
1475 3259 1764 3350 deprehenduntur
1787 3269 1868 3341 uni*

328 3365 417 3442 versa
443 3360 507 3446 esse
530 3380 624 3449 aeque
647 3355 769 3428 liuida:
805 3353 1038 3460 summissum
1073 3343 1292 3455 liuidillinruru
1313 3353 1360 3426 est
1384 3351 1483 3441 Lus,
1507 3357 1612 3452 lgnis,
1637 3359 1868 3459 Eleciricutn,¹

330 3463 401 3537 tlrm
427 3460 518 3533 Afer:
540 3456 587 3527 eil
602 3456 740 3546 Spiritus
760 3453 825 3525 vini
846 3451 1011 3524 ethereus
1026 3447 1157 3523 liuidior
1173 3451 1362 3548 Alcoholc,
1386 3453 1533 3544 Alcohol
1559 3454 1689 3544 liuidius
1706 3459 1781 3532 Vini
1800 3463 1868 3553 spi,

332 3564 397 3634 ritu
420 3557 563 3652 vulgari,
589 3555 651 3644 qui·
671 3549 802 3623 lividior
828 3552 948 3641 Aqua,
974 3550 1044 3628 haec
1069 3548 1180 3638 Vino,
1204 3547 1271 3622 hoc
1290 3549 1423 3636 Masta,
1449 3552 1515 3622 hoc
1541 3552 1671 3648 Syrupo
1688 3539 1732 3627 1&
1757 3557 1860 3629 Oltis.

332 3654 487 3730 uiuidum
516 3648 660 3741 perfecie
687 3646 829 3722 fluidum
858 3671 935 3720 non.
951 3649 1188 3743 cognoscitur,
1219 3650 1296 3740 quia
1323 3649 1436 3719 omnia
1464 3671 1603 3741 corpora
1635 3653 1675 3722 se‘
1701 3652 1863 3739 trahunt,

335 3752 566 3846 annia-igitur-
589 3747 688 3816 fluidu
712 3747 758 3815 ob
782 3746 1155 3813 attrauionemtcnacia·
1170 3744 1261 3824 sunt3
1286 3743 1411 3811 idcirco
1436 3763 1603 3835 nunquam
1623 3748 1658 3818 in
1680 3748 1775 3821 massa
1790 3750 1864 3824 liui-

338 3853 380 3925 tis
404 3867 511 3942 partes
529 3841 660 3936 possunt
683 3863 702 3911 a
724 3839 756 3911 se
780 3841 959 3925 removeri,
982 3835 1039 3906 nili
1064 3839 1095 3907 vi
1121 3834 1289 3925 superante
1319 3840 1544 3908 attractionem
1570 3842 1622 3912 vel
1648 3848 1863 3918 tenacitatem.

352 3971 356 3980 ·
383 3944 541 4021 Fluiditas
566 3938 801 4012 nonnullorum
824 3931 926 4027 major
947 3934 989 4003 ab
1014 3931 1064 4005 his
1087 3931 1188 4003 caulis
1213 3931 1359 4023 pendere
1381 3931 1520 4004 videtur.

352 4070 356 4166 ]
393 4101 443 4156 ιο.
469 4074 557 4172 Quo·
575 4069 742 4164 particula
769 4066 901 4140 fluidam
919 4061 1049 4134 massam
1068 4060 1301 4134 constituentes
1325 4060 1385 4148 fint
1409 4060 1624 4149 subtiliorem,
1636 4084 1681 4138 eo
1711 4067 1798 4146 euim
1815 4088 1865 4143 ree

338 4178 437 4278 liquis
460 4172 596 4270 paribus·
614 4167 751 4244 siuidunr
773 4166 834 4235 erit
860 4159 990 4234 liuidius
1019 4157 1282 4256 livemobilius.

351 4283 356 4294 ‘
391 4283 443 4352 2'0.
469 4269 551 4367 Quo
575 4288 682 4361 partes
707 4259 797 4334 fluidi
823 4258 894 4333 sunt
918 4253 1242 4352 minorispouderis.

360 4441 363 4450 ‚
392 4387 444 4470 3⁰.
467 4368 549 4468 Quo
574 4362 759 4455 superficies
784 4358 855 4444 suut
879 4359 1017 4458 levitmc
1041 4358 1197 4450 0011an
1222 4357 1332 4453 magis
1350 4353 1483 4447 polite.
1528 4425 1532 4434 ,

389 4492 445 4563 4⁰·
469 4465 551 4564 Quo
576 4463 685 4552 partes
706 4453 828 4529 ininori
850 4459 882 4530 vi
908 4455 939 4528 se
965 4455 1102 4525 trahunt.

391 4587 445 4659 5⁰·
469 4563 551 4659 Quo
577 4556 684 4654 figuti
709 4558 844 4647 propius
868 4553 910 4625 ad
936 4553 1074 4645 speciem
1098 4550 1174 4648 pilae
1198 4548 1355 4628 absolutae
1377 4548 1548 4627 accedunt.

393 4664 445 4738 60.
471 4658 552 4756 Quo
574 4675 683 4749 partes
706 4653 787 4726 suut·
802 4654 961 4725 duriores.
1320 4691 1325 4700 -
1419 4715 1424 4723 ,

1041 4778 1052 4788 ’
1131 4775 1147 4792 ”
1185 4774 1190 4782 ’
1684 4789 1741 4868 7'·
1767 4769 1879 4849 Prous

415 4966 1104 5078 (usuuumuuufflfliff,
1189 5057 1193 5067 ¹
1306 4963 1335 4976 ”
1389 4911 1428 4936 Ἰ
