<?xml version="1.0" encoding="UTF-8"?>
<!DOCTYPE html PUBLIC "-//W3C//DTD XHTML 1.0 Transitional//EN"
    "http://www.w3.org/TR/xhtml1/DTD/xhtml1-transitional.dtd">
<html xmlns="http://www.w3.org/1999/xhtml" xml:lang="en" lang="en">
 <head>
  <title>
</title>
<meta http-equiv="Content-Type" content="text/html;charset=utf-8" />
  <meta name='ocr-system' content='tesseract 3.04.00' />
  <meta name='ocr-capabilities' content='ocr_page ocr_carea ocr_par ocr_line ocrx_word'/>
</head>
<body>
  <div class='ocr_page' id='page_1' title='image "./introductioadph00lulogoog_0288.png"; bbox 0 0 4992 6767; ppageno 0'>
   <div class='ocr_carea' id='block_1_1' title="bbox 744 653 1965 820">
    <p class='ocr_par' dir='ltr' id='par_1_1' title="bbox 744 621 1965 820">
     <span class='ocr_line' id='line_1_1' title="bbox 744 653 1965 820; baseline 0.007 -34"><span class='ocrx_word' id='word_1_1' title='bbox 744 653 1095 787; x_wconf 72' lang='lat' dir='ltr'>u&#39;uuonns</span> <span class='ocrx_word' id='word_1_2' title='bbox 1134 688 1223 810; x_wconf 81' lang='lat' dir='ltr'>nr</span> <span class='ocrx_word' id='word_1_3' title='bbox 1260 677 1351 784; x_wconf 82' lang='lat' dir='ltr'>on</span> <span class='ocrx_word' id='word_1_4' title='bbox 1387 692 1694 786; x_wconf 82' lang='lat' dir='ltr'>vrsroun·</span> <span class='ocrx_word' id='word_1_5' title='bbox 1856 727 1965 820; x_wconf 57' lang='grc' dir='ltr'>π,</span> 
     </span>
    </p>
   </div>
   <div class='ocr_carea' id='block_1_2' title="bbox 417 888 1957 1380">
    <p class='ocr_par' dir='ltr' id='par_1_2' title="bbox 417 888 1957 1380">
     <span class='ocr_line' id='line_1_2' title="bbox 422 888 1957 987; baseline -0.007 -9"><span class='ocrx_word' id='word_1_6' title='bbox 422 901 680 983; x_wconf 73' lang='lat' dir='ltr'>extremitatem,</span> <span class='ocrx_word' id='word_1_7' title='bbox 702 894 761 966; x_wconf 87' lang='lat' dir='ltr'>ubi</span> <span class='ocrx_word' id='word_1_8' title='bbox 778 888 950 963; x_wconf 86' lang='lat' dir='ltr'>sensorium</span> <span class='ocrx_word' id='word_1_9' title='bbox 963 913 1138 965; x_wconf 92' lang='lat' dir='ltr'>commune</span> <span class='ocrx_word' id='word_1_10' title='bbox 1157 893 1225 981; x_wconf 88' lang='lat' dir='ltr'>est,</span> <span class='ocrx_word' id='word_1_11' title='bbox 1249 895 1426 966; x_wconf 84' lang='lat' dir='ltr'>deseratur:</span> <span class='ocrx_word' id='word_1_12' title='bbox 1452 917 1520 987; x_wconf 89' lang='lat' dir='ltr'>quo</span> <span class='ocrx_word' id='word_1_13' title='bbox 1536 916 1629 968; x_wconf 89' lang='lat' dir='ltr'>motu</span> <span class='ocrx_word' id='word_1_14' title='bbox 1644 917 1719 967; x_wconf 92' lang='lat' dir='ltr'>cum</span> <span class='ocrx_word' id='word_1_15' title='bbox 1737 917 1848 972; x_wconf 87' lang='lat' dir='ltr'>mente</span> <span class='ocrx_word' id='word_1_16' title='bbox 1862 924 1957 979; x_wconf 84' lang='lat' dir='ltr'>conr.</span> 
     </span>
     <span class='ocr_line' id='line_1_3' title="bbox 420 993 1955 1093; baseline 0.001 -21"><span class='ocrx_word' id='word_1_17' title='bbox 420 1003 606 1082; x_wconf 83' lang='lat' dir='ltr'>manicam,</span> <span class='ocrx_word' id='word_1_18' title='bbox 632 993 834 1087; x_wconf 74' lang='lat' dir='ltr'>obJectorun</span> <span class='ocrx_word' id='word_1_19' title='bbox 855 993 1169 1064; x_wconf 84' lang='lat' dir='ltr'>exremor‘um.ideae</span> <span class='ocrx_word' id='word_1_20' title='bbox 1192 996 1395 1078; x_wconf 72' lang='lat' dir='ltr'>excitantur,</span> <span class='ocrx_word' id='word_1_21' title='bbox 1428 994 1519 1084; x_wconf 90' lang='lat' dir='ltr'>quod</span> <span class='ocrx_word' id='word_1_22' title='bbox 1538 995 1664 1067; x_wconf 82' lang='lat' dir='ltr'>&#39;Videre</span> <span class='ocrx_word' id='word_1_23' title='bbox 1685 994 1763 1065; x_wconf 76' lang='lat' dir='ltr'>est?</span> <span class='ocrx_word' id='word_1_24' title='bbox 1797 996 1955 1093; x_wconf 76' lang='lat' dir='ltr'>Quomo-</span> 
     </span>
     <span class='ocr_line' id='line_1_4' title="bbox 420 1085 1951 1173; baseline 0.002 -6"><span class='ocrx_word' id='word_1_25' title='bbox 420 1103 467 1173; x_wconf 86' lang='lat' dir='ltr'>do</span> <span class='ocrx_word' id='word_1_26' title='bbox 492 1117 599 1168; x_wconf 85' lang='lat' dir='ltr'>autem</span> <span class='ocrx_word' id='word_1_27' title='bbox 623 1096 657 1164; x_wconf 92' lang='lat' dir='ltr'>in</span> <span class='ocrx_word' id='word_1_28' title='bbox 677 1089 778 1163; x_wconf 89' lang='lat' dir='ltr'>oculo</span> <span class='ocrx_word' id='word_1_29' title='bbox 799 1085 986 1159; x_wconf 84' lang='lat' dir='ltr'>fibnllarum</span> <span class='ocrx_word' id='word_1_30' title='bbox 1010 1103 1199 1161; x_wconf 85' lang='lat' dir='ltr'>nervearum</span> <span class='ocrx_word' id='word_1_31' title='bbox 1225 1094 1443 1162; x_wconf 82' lang='lat' dir='ltr'>extremitates</span> <span class='ocrx_word' id='word_1_32' title='bbox 1473 1091 1669 1164; x_wconf 87' lang='lat' dir='ltr'>afficiuntur:</span> <span class='ocrx_word' id='word_1_33' title='bbox 1692 1093 1745 1165; x_wconf 86' lang='lat' dir='ltr'>vel</span> <span class='ocrx_word' id='word_1_34' title='bbox 1772 1117 1812 1165; x_wconf 88' lang='lat' dir='ltr'>nn</span> <span class='ocrx_word' id='word_1_35' title='bbox 1827 1099 1861 1167; x_wconf 91' lang='lat' dir='ltr'>in</span> <span class='ocrx_word' id='word_1_36' title='bbox 1877 1120 1951 1170; x_wconf 93' lang='lat' dir='ltr'>om·</span> 
     </span>
     <span class='ocr_line' id='line_1_5' title="bbox 419 1185 1955 1288; baseline -0.001 -19"><span class='ocrx_word' id='word_1_37' title='bbox 419 1202 452 1270; x_wconf 92' lang='lat' dir='ltr'>ni</span> <span class='ocrx_word' id='word_1_38' title='bbox 478 1195 655 1265; x_wconf 84' lang='lat' dir='ltr'>sensatione</span> <span class='ocrx_word' id='word_1_39' title='bbox 678 1210 747 1260; x_wconf 93' lang='lat' dir='ltr'>non</span> <span class='ocrx_word' id='word_1_40' title='bbox 769 1185 894 1259; x_wconf 82' lang='lat' dir='ltr'>necesse</span> <span class='ocrx_word' id='word_1_41' title='bbox 915 1185 984 1270; x_wconf 88' lang='lat' dir='ltr'>est,</span> <span class='ocrx_word' id='word_1_42' title='bbox 1007 1206 1045 1260; x_wconf 93' lang='lat' dir='ltr'>ut</span> <span class='ocrx_word' id='word_1_43' title='bbox 1069 1190 1287 1263; x_wconf 83' lang='lat' dir='ltr'>extremitates</span> <span class='ocrx_word' id='word_1_44' title='bbox 1308 1187 1483 1261; x_wconf 87' lang='lat' dir='ltr'>nervorum</span> <span class='ocrx_word' id='word_1_45' title='bbox 1504 1188 1703 1264; x_wconf 71' lang='lat' dir='ltr'>afficiantur?</span> <span class='ocrx_word' id='word_1_46' title='bbox 1737 1190 1792 1263; x_wconf 88' lang='lat' dir='ltr'>sed</span> <span class='ocrx_word' id='word_1_47' title='bbox 1813 1193 1955 1288; x_wconf 74' lang='lat' dir='ltr'>simplex·</span> 
     </span>
     <span class='ocr_line' id='line_1_6' title="bbox 417 1283 1201 1380; baseline -0.014 -13"><span class='ocrx_word' id='word_1_48' title='bbox 417 1294 546 1367; x_wconf 79' lang='lat' dir='ltr'>allestio</span> <span class='ocrx_word' id='word_1_49' title='bbox 571 1293 605 1360; x_wconf 90' lang='lat' dir='ltr'>in</span> <span class='ocrx_word' id='word_1_50' title='bbox 620 1305 815 1380; x_wconf 83' lang='lat' dir='ltr'>quacunque</span> <span class='ocrx_word' id='word_1_51' title='bbox 833 1302 926 1377; x_wconf 83' lang='lat' dir='ltr'>parte</span> <span class='ocrx_word' id='word_1_52' title='bbox 945 1286 1035 1357; x_wconf 81' lang='lat' dir='ltr'>nerui</span> <span class='ocrx_word' id='word_1_53' title='bbox 1059 1283 1201 1356; x_wconf 75' lang='lat' dir='ltr'>sufficit?</span> 
     </span>
    </p>
   </div>
   <div class='ocr_carea' id='block_1_3' title="bbox 417 1423 1957 2318">
    <p class='ocr_par' dir='ltr' id='par_1_3' title="bbox 418 1423 1957 1708">
     <span class='ocr_line' id='line_1_7' title="bbox 464 1423 1946 1538; baseline -0.002 -29"><span class='ocrx_word' id='word_1_54' title='bbox 464 1440 499 1538; x_wconf 53' lang='grc' dir='ltr'>ᾗ,</span> <span class='ocrx_word' id='word_1_55' title='bbox 523 1425 866 1509; x_wconf 83' lang='lat' dir='ltr'><strong>MDCCCLXXIX.</strong></span> <span class='ocrx_word' id='word_1_56' title='bbox 894 1423 958 1497; x_wconf 81' lang='lat' dir='ltr'>He</span> <span class='ocrx_word' id='word_1_57' title='bbox 979 1424 1064 1498; x_wconf 81' lang='lat' dir='ltr'>ideae</span> <span class='ocrx_word' id='word_1_58' title='bbox 1085 1428 1129 1495; x_wconf 88' lang='lat' dir='ltr'>ita</span> <span class='ocrx_word' id='word_1_59' title='bbox 1151 1424 1349 1518; x_wconf 88' lang='lat' dir='ltr'>respondent</span> <span class='ocrx_word' id='word_1_60' title='bbox 1369 1447 1542 1501; x_wconf 87' lang='lat' dir='ltr'>nervorum</span> <span class='ocrx_word' id='word_1_61' title='bbox 1565 1431 1814 1526; x_wconf 83' lang='lat' dir='ltr'>agitationibus,</span> <span class='ocrx_word' id='word_1_62' title='bbox 1839 1453 1876 1505; x_wconf 89' lang='lat' dir='ltr'>ut</span> <span class='ocrx_word' id='word_1_63' title='bbox 1892 1434 1946 1508; x_wconf 83' lang='lat' dir='ltr'>iis·</span> 
     </span>
     <span class='ocr_line' id='line_1_8' title="bbox 419 1524 1957 1626; baseline -0.004 -15"><span class='ocrx_word' id='word_1_64' title='bbox 419 1541 495 1611; x_wconf 90' lang='lat' dir='ltr'>dem</span> <span class='ocrx_word' id='word_1_65' title='bbox 517 1531 752 1608; x_wconf 84' lang='lat' dir='ltr'>recurrentibus</span> <span class='ocrx_word' id='word_1_66' title='bbox 772 1529 807 1598; x_wconf 88' lang='lat' dir='ltr'>in</span> <span class='ocrx_word' id='word_1_67' title='bbox 828 1526 930 1598; x_wconf 89' lang='lat' dir='ltr'>oculo</span> <span class='ocrx_word' id='word_1_68' title='bbox 951 1524 1028 1596; x_wconf 88' lang='lat' dir='ltr'>sano</span> <span class='ocrx_word' id='word_1_69' title='bbox 1051 1544 1146 1595; x_wconf 87' lang='lat' dir='ltr'>mens</span> <span class='ocrx_word' id='word_1_70' title='bbox 1168 1524 1284 1595; x_wconf 87' lang='lat' dir='ltr'>eadem</span> <span class='ocrx_word' id='word_1_71' title='bbox 1299 1524 1422 1596; x_wconf 77' lang='lat' dir='ltr'>videat:</span> <span class='ocrx_word' id='word_1_72' title='bbox 1448 1525 1701 1619; x_wconf 80' lang='lat' dir='ltr'>discrepantibus</span> <span class='ocrx_word' id='word_1_73' title='bbox 1715 1532 1957 1626; x_wconf 79' lang='lat' dir='ltr'>agitationibus·</span> 
     </span>
     <span class='ocr_line' id='line_1_9' title="bbox 418 1638 637 1708; baseline -0.027 0"><span class='ocrx_word' id='word_1_74' title='bbox 418 1638 479 1708; x_wconf 88' lang='lat' dir='ltr'>alia</span> <span class='ocrx_word' id='word_1_75' title='bbox 504 1652 637 1704; x_wconf 86' lang='lat' dir='ltr'>cernat.-</span> 
     </span>
    </p>

    <p class='ocr_par' dir='ltr' id='par_1_4' title="bbox 417 1714 1951 2318">
     <span class='ocr_line' id='line_1_10' title="bbox 484 1714 1951 1818; baseline -0.004 -15"><span class='ocrx_word' id='word_1_76' title='bbox 484 1733 572 1803; x_wconf 89' lang='lat' dir='ltr'>Inter</span> <span class='ocrx_word' id='word_1_77' title='bbox 599 1728 706 1798; x_wconf 86' lang='lat' dir='ltr'>ideam</span> <span class='ocrx_word' id='word_1_78' title='bbox 734 1718 892 1796; x_wconf 82' lang='lat' dir='ltr'>&amp;nerui</span> <span class='ocrx_word' id='word_1_79' title='bbox 908 1714 1121 1818; x_wconf 78' lang='lat' dir='ltr'>agitationem</span> <span class='ocrx_word' id='word_1_80' title='bbox 1145 1719 1226 1791; x_wconf 87' lang='lat' dir='ltr'>nihil</span> <span class='ocrx_word' id='word_1_81' title='bbox 1249 1741 1428 1792; x_wconf 87' lang='lat' dir='ltr'>commune</span> <span class='ocrx_word' id='word_1_82' title='bbox 1454 1721 1649 1813; x_wconf 88' lang='lat' dir='ltr'>intercedit:</span> <span class='ocrx_word' id='word_1_83' title='bbox 1681 1745 1716 1796; x_wconf 90' lang='lat' dir='ltr'>er</span> <span class='ocrx_word' id='word_1_84' title='bbox 1782 1744 1844 1796; x_wconf 89' lang='lat' dir='ltr'>nec</span> <span class='ocrx_word' id='word_1_85' title='bbox 1865 1744 1951 1815; x_wconf 90' lang='lat' dir='ltr'>quo·</span> 
     </span>
     <span class='ocr_line' id='line_1_11' title="bbox 420 1816 1950 1924; baseline -0.004 -23"><span class='ocrx_word' id='word_1_86' title='bbox 420 1853 485 1924; x_wconf 89' lang='lat' dir='ltr'>que</span> <span class='ocrx_word' id='word_1_87' title='bbox 514 1833 597 1899; x_wconf 86' lang='lat' dir='ltr'>inter</span> <span class='ocrx_word' id='word_1_88' title='bbox 619 1821 783 1915; x_wconf 75' lang='lat' dir='ltr'>objedlum</span> <span class='ocrx_word' id='word_1_89' title='bbox 807 1816 842 1890; x_wconf 69' lang='grc' dir='ltr'>ἃ</span> <span class='ocrx_word' id='word_1_90' title='bbox 865 1822 1133 1912; x_wconf 80' lang='lat' dir='ltr'>perceptionem·</span> <span class='ocrx_word' id='word_1_91' title='bbox 1173 1818 1338 1908; x_wconf 81' lang='lat' dir='ltr'>Adeoque</span> <span class='ocrx_word' id='word_1_92' title='bbox 1363 1817 1458 1890; x_wconf 90' lang='lat' dir='ltr'>Visus</span> <span class='ocrx_word' id='word_1_93' title='bbox 1482 1840 1542 1911; x_wconf 87' lang='lat' dir='ltr'>per</span> <span class='ocrx_word' id='word_1_94' title='bbox 1560 1819 1592 1890; x_wconf 86' lang='lat' dir='ltr'>se</span> <span class='ocrx_word' id='word_1_95' title='bbox 1615 1819 1694 1891; x_wconf 90' lang='lat' dir='ltr'>nibil</span> <span class='ocrx_word' id='word_1_96' title='bbox 1733 1841 1831 1906; x_wconf 91' lang='lat' dir='ltr'>ocet,</span> <span class='ocrx_word' id='word_1_97' title='bbox 1855 1844 1950 1895; x_wconf 81' lang='lat' dir='ltr'>men·</span> 
     </span>
     <span class='ocr_line' id='line_1_12' title="bbox 419 1914 1948 2016; baseline -0.005 -16"><span class='ocrx_word' id='word_1_98' title='bbox 419 1949 452 2000; x_wconf 86' lang='lat' dir='ltr'>te</span> <span class='ocrx_word' id='word_1_99' title='bbox 480 1949 548 1998; x_wconf 91' lang='lat' dir='ltr'>non</span> <span class='ocrx_word' id='word_1_100' title='bbox 574 1921 791 2016; x_wconf 84' lang='lat' dir='ltr'>distinguente</span> <span class='ocrx_word' id='word_1_101' title='bbox 814 1935 919 1986; x_wconf 84' lang='lat' dir='ltr'>motus</span> <span class='ocrx_word' id='word_1_102' title='bbox 934 1914 1140 2001; x_wconf 85' lang='lat' dir='ltr'>fibrillarum,</span> <span class='ocrx_word' id='word_1_103' title='bbox 1164 1938 1227 1988; x_wconf 92' lang='lat' dir='ltr'>nec</span> <span class='ocrx_word' id='word_1_104' title='bbox 1243 1915 1446 2009; x_wconf 83' lang='lat' dir='ltr'>objeslorum</span> <span class='ocrx_word' id='word_1_105' title='bbox 1460 1916 1737 1991; x_wconf 84' lang='lat' dir='ltr'>constitutionem.</span> <span class='ocrx_word' id='word_1_106' title='bbox 1789 1917 1878 2016; x_wconf 88' lang='lat' dir='ltr'>Quia</span> <span class='ocrx_word' id='word_1_107' title='bbox 1896 1943 1948 1992; x_wconf 89' lang='lat' dir='ltr'>re-</span> 
     </span>
     <span class='ocr_line' id='line_1_13' title="bbox 419 2010 1946 2108; baseline -0.006 -12"><span class='ocrx_word' id='word_1_108' title='bbox 419 2026 540 2095; x_wconf 90' lang='lat' dir='ltr'>deunte</span> <span class='ocrx_word' id='word_1_109' title='bbox 565 2018 677 2091; x_wconf 88' lang='lat' dir='ltr'>eadem</span> <span class='ocrx_word' id='word_1_110' title='bbox 703 2013 791 2084; x_wconf 91' lang='lat' dir='ltr'>oculi</span> <span class='ocrx_word' id='word_1_111' title='bbox 813 2010 984 2083; x_wconf 73' lang='lat' dir='ltr'>affectione</span> <span class='ocrx_word' id='word_1_112' title='bbox 1009 2016 1110 2085; x_wconf 92' lang='lat' dir='ltr'>menti</span> <span class='ocrx_word' id='word_1_113' title='bbox 1132 2013 1343 2095; x_wconf 28' lang='lat' dir='ltr'>eadem-idea</span> <span class='ocrx_word' id='word_1_114' title='bbox 1368 2013 1486 2104; x_wconf 75' lang='lat' dir='ltr'>presto</span> <span class='ocrx_word' id='word_1_115' title='bbox 1510 2012 1656 2099; x_wconf 83' lang='lat' dir='ltr'>fistitur,</span> <span class='ocrx_word' id='word_1_116' title='bbox 1679 2014 1809 2087; x_wconf 86' lang='lat' dir='ltr'>habitus</span> <span class='ocrx_word' id='word_1_117' title='bbox 1831 2018 1946 2108; x_wconf 84' lang='lat' dir='ltr'>acqui·</span> 
     </span>
     <span class='ocr_line' id='line_1_14' title="bbox 419 2106 1944 2208; baseline -0.003 -15"><span class='ocrx_word' id='word_1_118' title='bbox 419 2125 499 2195; x_wconf 88' lang='lat' dir='ltr'>ritur</span> <span class='ocrx_word' id='word_1_119' title='bbox 510 2118 601 2188; x_wconf 80' lang='lat' dir='ltr'>illico</span> <span class='ocrx_word' id='word_1_120' title='bbox 617 2114 754 2184; x_wconf 73' lang='lat' dir='ltr'>eandon</span> <span class='ocrx_word' id='word_1_121' title='bbox 773 2110 881 2180; x_wconf 89' lang='lat' dir='ltr'>ideam</span> <span class='ocrx_word' id='word_1_122' title='bbox 898 2106 1022 2178; x_wconf 79' lang='lat' dir='ltr'>sistendi</span> <span class='ocrx_word' id='word_1_123' title='bbox 1042 2112 1077 2180; x_wconf 91' lang='lat' dir='ltr'>in</span> <span class='ocrx_word' id='word_1_124' title='bbox 1093 2109 1246 2183; x_wconf 81' lang='lat' dir='ltr'>fimilibus</span> <span class='ocrx_word' id='word_1_125' title='bbox 1261 2110 1526 2197; x_wconf 84' lang='lat' dir='ltr'>circumstantiis,</span> <span class='ocrx_word' id='word_1_126' title='bbox 1551 2111 1636 2183; x_wconf 86' lang='lat' dir='ltr'>adeo</span> <span class='ocrx_word' id='word_1_127' title='bbox 1650 2131 1686 2182; x_wconf 92' lang='lat' dir='ltr'>ut</span> <span class='ocrx_word' id='word_1_128' title='bbox 1702 2113 1791 2204; x_wconf 81' lang='lat' dir='ltr'>qutfi</span> <span class='ocrx_word' id='word_1_129' title='bbox 1804 2113 1944 2208; x_wconf 83' lang='lat' dir='ltr'>conjun-</span> 
     </span>
     <span class='ocr_line' id='line_1_15' title="bbox 417 2207 1090 2318; baseline -0.022 -28"><span class='ocrx_word' id='word_1_130' title='bbox 417 2238 551 2318; x_wconf 86' lang='lat' dir='ltr'>gantur,</span> <span class='ocrx_word' id='word_1_131' title='bbox 576 2233 639 2285; x_wconf 88' lang='lat' dir='ltr'>nec</span> <span class='ocrx_word' id='word_1_132' title='bbox 661 2208 775 2303; x_wconf 87' lang='lat' dir='ltr'>postea</span> <span class='ocrx_word' id='word_1_133' title='bbox 800 2207 936 2299; x_wconf 85' lang='lat' dir='ltr'>separari</span> <span class='ocrx_word' id='word_1_134' title='bbox 949 2225 1090 2298; x_wconf 59' lang='lat' dir='ltr'>queant,³</span> 
     </span>
    </p>
   </div>
   <div class='ocr_carea' id='block_1_4' title="bbox 418 2340 1952 2977">
    <p class='ocr_par' dir='ltr' id='par_1_5' title="bbox 418 2340 1951 2727">
     <span class='ocr_line' id='line_1_16' title="bbox 473 2340 1951 2443; baseline -0.004 -17"><span class='ocrx_word' id='word_1_135' title='bbox 473 2353 506 2443; x_wconf 76' lang='lat' dir='ltr'>S.</span> <span class='ocrx_word' id='word_1_136' title='bbox 531 2343 876 2423; x_wconf 83' lang='lat' dir='ltr'><strong>MDCCCLXXX.</strong></span> <span class='ocrx_word' id='word_1_137' title='bbox 901 2340 1119 2434; x_wconf 77' lang='lat' dir='ltr'>Objesiorum</span> <span class='ocrx_word' id='word_1_138' title='bbox 1147 2350 1443 2419; x_wconf 81' lang='lat' dir='ltr'>externorumima</span> <span class='ocrx_word' id='word_1_139' title='bbox 1468 2366 1492 2419; x_wconf 88' lang='lat' dir='ltr'>o</span> <span class='ocrx_word' id='word_1_140' title='bbox 1516 2348 1662 2421; x_wconf 77' lang='lat' dir='ltr'>dillintle</span> <span class='ocrx_word' id='word_1_141' title='bbox 1684 2355 1717 2423; x_wconf 92' lang='lat' dir='ltr'>in</span> <span class='ocrx_word' id='word_1_142' title='bbox 1739 2354 1852 2425; x_wconf 73' lang='lat' dir='ltr'>retine</span> <span class='ocrx_word' id='word_1_143' title='bbox 1878 2360 1951 2427; x_wconf 85' lang='lat' dir='ltr'>exi·</span> 
     </span>
     <span class='ocr_line' id='line_1_17' title="bbox 418 2368 1950 2548; baseline 0 -25"><span class='ocrx_word' id='word_1_144' title='bbox 418 2472 481 2548; x_wconf 86' lang='lat' dir='ltr'>gua</span> <span class='ocrx_word' id='word_1_145' title='bbox 502 2451 657 2542; x_wconf 84' lang='lat' dir='ltr'>portione</span> <span class='ocrx_word' id='word_1_146' title='bbox 684 2447 770 2514; x_wconf 85' lang='lat' dir='ltr'>circa</span> <span class='ocrx_word' id='word_1_147' title='bbox 791 2444 865 2512; x_wconf 85' lang='lat' dir='ltr'>axin</span> <span class='ocrx_word' id='word_1_148' title='bbox 886 2444 1034 2532; x_wconf 81' lang='lat' dir='ltr'>opticum</span> <span class='ocrx_word' id='word_1_149' title='bbox 1062 2444 1237 2538; x_wconf 85' lang='lat' dir='ltr'>pingitur;</span> <span class='ocrx_word' id='word_1_150' title='bbox 1262 2442 1318 2513; x_wconf 87' lang='lat' dir='ltr'>sed</span> <span class='ocrx_word' id='word_1_151' title='bbox 1334 2368 1470 2517; x_wconf 63' lang='lat' dir='ltr'>confudd</span> <span class='ocrx_word' id='word_1_152' title='bbox 1495 2447 1529 2517; x_wconf 90' lang='lat' dir='ltr'>in</span> <span class='ocrx_word' id='word_1_153' title='bbox 1559 2446 1642 2519; x_wconf 79' lang='lat' dir='ltr'>locis</span> <span class='ocrx_word' id='word_1_154' title='bbox 1666 2450 1707 2520; x_wconf 90' lang='lat' dir='ltr'>ab</span> <span class='ocrx_word' id='word_1_155' title='bbox 1728 2449 1796 2521; x_wconf 91' lang='lat' dir='ltr'>hoc</span> <span class='ocrx_word' id='word_1_156' title='bbox 1814 2471 1875 2522; x_wconf 85' lang='lat' dir='ltr'>axe</span> <span class='ocrx_word' id='word_1_157' title='bbox 1896 2474 1950 2525; x_wconf 70' lang='lat' dir='ltr'>rea</span> 
     </span>
     <span class='ocr_line' id='line_1_18' title="bbox 418 2535 1950 2635; baseline -0.004 -17"><span class='ocrx_word' id='word_1_158' title='bbox 418 2547 634 2618; x_wconf 78' lang='lat' dir='ltr'>motionibus:</span> <span class='ocrx_word' id='word_1_159' title='bbox 657 2541 734 2611; x_wconf 88' lang='lat' dir='ltr'>ideo</span> <span class='ocrx_word' id='word_1_160' title='bbox 758 2559 887 2631; x_wconf 86' lang='lat' dir='ltr'>parvam</span> <span class='ocrx_word' id='word_1_161' title='bbox 912 2539 1022 2633; x_wconf 86' lang='lat' dir='ltr'>magni</span> <span class='ocrx_word' id='word_1_162' title='bbox 1046 2535 1081 2608; x_wconf 80' lang='lat' dir='ltr'>dt</span> <span class='ocrx_word' id='word_1_163' title='bbox 1103 2541 1280 2631; x_wconf 86' lang='lat' dir='ltr'>propinqui</span> <span class='ocrx_word' id='word_1_164' title='bbox 1303 2542 1421 2634; x_wconf 79' lang='lat' dir='ltr'>objetll</span> <span class='ocrx_word' id='word_1_165' title='bbox 1451 2546 1640 2635; x_wconf 85' lang='lat' dir='ltr'>portionem</span> <span class='ocrx_word' id='word_1_166' title='bbox 1661 2563 1786 2619; x_wconf 83' lang='lat' dir='ltr'>tantum</span> <span class='ocrx_word' id='word_1_167' title='bbox 1809 2569 1879 2623; x_wconf 85' lang='lat' dir='ltr'>uno</span> <span class='ocrx_word' id='word_1_168' title='bbox 1898 2551 1950 2624; x_wconf 69' lang='lat' dir='ltr'>in·</span> 
     </span>
     <span class='ocr_line' id='line_1_19' title="bbox 423 2632 1759 2727; baseline -0.004 -16"><span class='ocrx_word' id='word_1_169' title='bbox 423 2648 506 2715; x_wconf 87' lang='lat' dir='ltr'>ruitu</span> <span class='ocrx_word' id='word_1_170' title='bbox 534 2642 680 2713; x_wconf 79' lang='lat' dir='ltr'>distinsle</span> <span class='ocrx_word' id='word_1_171' title='bbox 701 2638 809 2709; x_wconf 85' lang='lat' dir='ltr'>videre</span> <span class='ocrx_word' id='word_1_172' title='bbox 827 2632 1017 2727; x_wconf 84' lang='lat' dir='ltr'>possumus,</span> <span class='ocrx_word' id='word_1_173' title='bbox 1040 2635 1197 2726; x_wconf 85' lang='lat' dir='ltr'>reliquam</span> <span class='ocrx_word' id='word_1_174' title='bbox 1221 2637 1356 2709; x_wconf 83' lang='lat' dir='ltr'>consule</span> <span class='ocrx_word' id='word_1_175' title='bbox 1383 2636 1419 2709; x_wconf 77' lang='lat' dir='ltr'>dt</span> <span class='ocrx_word' id='word_1_176' title='bbox 1444 2640 1593 2712; x_wconf 88' lang='lat' dir='ltr'>obscure.</span> <span class='ocrx_word' id='word_1_177' title='bbox 1756 2637 1759 2644; x_wconf 84' lang='grc'>’</span> 
     </span>
    </p>

    <p class='ocr_par' dir='ltr' id='par_1_6' title="bbox 419 2778 1952 2977">
     <span class='ocr_line' id='line_1_20' title="bbox 476 2778 1949 2887; baseline -0.001 -23"><span class='ocrx_word' id='word_1_178' title='bbox 476 2787 507 2887; x_wconf 59' lang='lat' dir='ltr'>§I</span> <span class='ocrx_word' id='word_1_179' title='bbox 542 2779 884 2862; x_wconf 78' lang='lat' dir='ltr'>mucceLx-xxi.</span> <span class='ocrx_word' id='word_1_180' title='bbox 916 2778 951 2849; x_wconf 85' lang='lat' dir='ltr'>Si</span> <span class='ocrx_word' id='word_1_181' title='bbox 979 2778 1142 2872; x_wconf 77' lang='lat' dir='ltr'>objedlum</span> <span class='ocrx_word' id='word_1_182' title='bbox 1166 2780 1204 2850; x_wconf 80' lang='lat' dir='ltr'>el</span> <span class='ocrx_word' id='word_1_183' title='bbox 1230 2779 1309 2850; x_wconf 89' lang='lat' dir='ltr'>absrt</span> <span class='ocrx_word' id='word_1_184' title='bbox 1336 2781 1379 2851; x_wconf 86' lang='lat' dir='ltr'>ab</span> <span class='ocrx_word' id='word_1_185' title='bbox 1411 2780 1510 2852; x_wconf 89' lang='lat' dir='ltr'>oculo</span> <span class='ocrx_word' id='word_1_186' title='bbox 1533 2780 1700 2869; x_wconf 73' lang='lat' dir='ltr'>distantia,</span> <span class='ocrx_word' id='word_1_187' title='bbox 1731 2807 1769 2858; x_wconf 91' lang='lat' dir='ltr'>nt</span> <span class='ocrx_word' id='word_1_188' title='bbox 1793 2790 1873 2860; x_wconf 87' lang='lat' dir='ltr'>radii</span> <span class='ocrx_word' id='word_1_189' title='bbox 1899 2792 1949 2863; x_wconf 89' lang='lat' dir='ltr'>lu·</span> 
     </span>
     <span class='ocr_line' id='line_1_21' title="bbox 419 2875 1952 2977; baseline -0.003 -20"><span class='ocrx_word' id='word_1_190' title='bbox 419 2889 483 2970; x_wconf 91' lang='lat' dir='ltr'>cis,</span> <span class='ocrx_word' id='word_1_191' title='bbox 510 2889 566 2977; x_wconf 89' lang='lat' dir='ltr'>qui</span> <span class='ocrx_word' id='word_1_192' title='bbox 590 2906 610 2953; x_wconf 93' lang='lat' dir='ltr'>e</span> <span class='ocrx_word' id='word_1_193' title='bbox 632 2883 760 2977; x_wconf 77' lang='lat' dir='ltr'>singulis</span> <span class='ocrx_word' id='word_1_194' title='bbox 783 2878 902 2970; x_wconf 80' lang='lat' dir='ltr'>objesli</span> <span class='ocrx_word' id='word_1_195' title='bbox 926 2879 1055 2965; x_wconf 79' lang='lat' dir='ltr'>ponciis</span> <span class='ocrx_word' id='word_1_196' title='bbox 1080 2875 1152 2947; x_wconf 88' lang='lat' dir='ltr'>sunt</span> <span class='ocrx_word' id='word_1_197' title='bbox 1173 2876 1296 2961; x_wconf 86' lang='lat' dir='ltr'>emiffi,</span> <span class='ocrx_word' id='word_1_198' title='bbox 1327 2876 1502 2949; x_wconf 90' lang='lat' dir='ltr'>humorum</span> <span class='ocrx_word' id='word_1_199' title='bbox 1533 2882 1630 2950; x_wconf 89' lang='lat' dir='ltr'>trium</span> <span class='ocrx_word' id='word_1_200' title='bbox 1652 2878 1897 2956; x_wconf 77' lang='lat' dir='ltr'>refratiiombus</span> <span class='ocrx_word' id='word_1_201' title='bbox 1916 2889 1952 2961; x_wconf 78' lang='lat' dir='ltr'>in</span> 
     </span>
    </p>
   </div>
   <div class='ocr_carea' id='block_1_5' title="bbox 418 2969 1951 3168">
    <p class='ocr_par' dir='ltr' id='par_1_7' title="bbox 418 2969 1951 3168">
     <span class='ocr_line' id='line_1_22' title="bbox 419 2969 1951 3072; baseline 0 -20"><span class='ocrx_word' id='word_1_202' title='bbox 419 2983 554 3053; x_wconf 87' lang='lat' dir='ltr'>totidem</span> <span class='ocrx_word' id='word_1_203' title='bbox 577 2982 704 3071; x_wconf 74' lang='lat' dir='ltr'>punciis</span> <span class='ocrx_word' id='word_1_204' title='bbox 729 2978 839 3047; x_wconf 88' lang='lat' dir='ltr'>retinae</span> <span class='ocrx_word' id='word_1_205' title='bbox 864 2976 1005 3056; x_wconf 64' lang='lat' dir='ltr'>coeant,</span> <span class='ocrx_word' id='word_1_206' title='bbox 1031 2969 1065 3042; x_wconf 81' lang='lat' dir='ltr'>dr</span> <span class='ocrx_word' id='word_1_207' title='bbox 1087 2972 1234 3043; x_wconf 66' lang='lat' dir='ltr'>distincta</span> <span class='ocrx_word' id='word_1_208' title='bbox 1257 2974 1314 3043; x_wconf 83' lang='lat' dir='ltr'>liat</span> <span class='ocrx_word' id='word_1_209' title='bbox 1330 2976 1440 3069; x_wconf 86' lang='lat' dir='ltr'>imago</span> <span class='ocrx_word' id='word_1_210' title='bbox 1464 2997 1502 3045; x_wconf 87' lang='lat' dir='ltr'>ac</span> <span class='ocrx_word' id='word_1_211' title='bbox 1522 2974 1636 3063; x_wconf 83' lang='lat' dir='ltr'>Visro,</span> <span class='ocrx_word' id='word_1_212' title='bbox 1661 3000 1772 3052; x_wconf 88' lang='lat' dir='ltr'>manet</span> <span class='ocrx_word' id='word_1_213' title='bbox 1786 2978 1856 3053; x_wconf 86' lang='lat' dir='ltr'>lens</span> <span class='ocrx_word' id='word_1_214' title='bbox 1878 3002 1951 3072; x_wconf 78' lang='lat' dir='ltr'>cry·</span> 
     </span>
     <span class='ocr_line' id='line_1_23' title="bbox 418 3067 1949 3168; baseline 0.001 -19"><span class='ocrx_word' id='word_1_215' title='bbox 418 3080 538 3150; x_wconf 88' lang='lat' dir='ltr'>llallina</span> <span class='ocrx_word' id='word_1_216' title='bbox 556 3081 590 3149; x_wconf 90' lang='lat' dir='ltr'>in</span> <span class='ocrx_word' id='word_1_217' title='bbox 606 3099 649 3147; x_wconf 90' lang='lat' dir='ltr'>eo</span> <span class='ocrx_word' id='word_1_218' title='bbox 664 3074 752 3148; x_wconf 89' lang='lat' dir='ltr'>oculi</span> <span class='ocrx_word' id='word_1_219' title='bbox 768 3073 865 3142; x_wconf 88' lang='lat' dir='ltr'>loco:</span> <span class='ocrx_word' id='word_1_220' title='bbox 883 3071 904 3139; x_wconf 86' lang='lat' dir='ltr'>st</span> <span class='ocrx_word' id='word_1_221' title='bbox 921 3088 1028 3140; x_wconf 90' lang='lat' dir='ltr'>autem</span> <span class='ocrx_word' id='word_1_222' title='bbox 1046 3067 1209 3161; x_wconf 75' lang='lat' dir='ltr'>objedlum</span> <span class='ocrx_word' id='word_1_223' title='bbox 1225 3070 1325 3141; x_wconf 88' lang='lat' dir='ltr'>oculo</span> <span class='ocrx_word' id='word_1_224' title='bbox 1335 3071 1440 3141; x_wconf 85' lang='lat' dir='ltr'>multo</span> <span class='ocrx_word' id='word_1_225' title='bbox 1458 3075 1593 3165; x_wconf 82' lang='lat' dir='ltr'>propius</span> <span class='ocrx_word' id='word_1_226' title='bbox 1610 3076 1842 3168; x_wconf 88' lang='lat' dir='ltr'>admoveatur,</span> <span class='ocrx_word' id='word_1_227' title='bbox 1868 3080 1949 3151; x_wconf 84' lang='lat' dir='ltr'>radii</span> 
     </span>
    </p>
   </div>
   <div class='ocr_carea' id='block_1_6' title="bbox 418 3167 2104 3269">
    <p class='ocr_par' dir='ltr' id='par_1_8' title="bbox 418 3167 2104 3269">
     <span class='ocr_line' id='line_1_24' title="bbox 418 3167 2104 3269; baseline -0.001 -22"><span class='ocrx_word' id='word_1_228' title='bbox 418 3178 458 3247; x_wconf 88' lang='lat' dir='ltr'>ab</span> <span class='ocrx_word' id='word_1_229' title='bbox 475 3176 541 3269; x_wconf 87' lang='lat' dir='ltr'>ejus</span> <span class='ocrx_word' id='word_1_230' title='bbox 552 3175 702 3267; x_wconf 81' lang='lat' dir='ltr'>quolibet</span> <span class='ocrx_word' id='word_1_231' title='bbox 716 3173 841 3265; x_wconf 76' lang='lat' dir='ltr'>punslo</span> <span class='ocrx_word' id='word_1_232' title='bbox 850 3168 962 3250; x_wconf 86' lang='lat' dir='ltr'>reddi,</span> <span class='ocrx_word' id='word_1_233' title='bbox 986 3170 1043 3258; x_wconf 90' lang='lat' dir='ltr'>qui</span> <span class='ocrx_word' id='word_1_234' title='bbox 1060 3167 1130 3238; x_wconf 87' lang='lat' dir='ltr'>sunt</span> <span class='ocrx_word' id='word_1_235' title='bbox 1145 3170 1247 3263; x_wconf 86' lang='lat' dir='ltr'>magis</span> <span class='ocrx_word' id='word_1_236' title='bbox 1264 3169 1356 3237; x_wconf 86' lang='lat' dir='ltr'>diver</span> <span class='ocrx_word' id='word_1_237' title='bbox 1398 3190 1491 3257; x_wconf 80' lang='lat' dir='ltr'>ntes,</span> <span class='ocrx_word' id='word_1_238' title='bbox 1507 3167 1648 3265; x_wconf 79' lang='lat' dir='ltr'>&amp;aeque</span> <span class='ocrx_word' id='word_1_239' title='bbox 1662 3195 1701 3244; x_wconf 85' lang='lat' dir='ltr'>ac</span> <span class='ocrx_word' id='word_1_240' title='bbox 1715 3196 1791 3246; x_wconf 87' lang='lat' dir='ltr'>ante</span> <span class='ocrx_word' id='word_1_241' title='bbox 1804 3174 1957 3264; x_wconf 77' lang='lat' dir='ltr'>resrasli,</span> <span class='ocrx_word' id='word_1_242' title='bbox 2100 3195 2104 3202; x_wconf 88' lang='lat'>·</span> 
     </span>
    </p>
   </div>
   <div class='ocr_carea' id='block_1_7' title="bbox 411 3262 2000 5136">
    <p class='ocr_par' dir='ltr' id='par_1_9' title="bbox 414 3262 1956 4141">
     <span class='ocr_line' id='line_1_25' title="bbox 418 3262 1944 3364; baseline 0.001 -19"><span class='ocrx_word' id='word_1_243' title='bbox 418 3295 485 3344; x_wconf 79' lang='lat' dir='ltr'>uon</span> <span class='ocrx_word' id='word_1_244' title='bbox 508 3277 541 3345; x_wconf 91' lang='lat' dir='ltr'>in</span> <span class='ocrx_word' id='word_1_245' title='bbox 558 3275 682 3364; x_wconf 81' lang='lat' dir='ltr'>punsio</span> <span class='ocrx_word' id='word_1_246' title='bbox 710 3272 850 3351; x_wconf 80' lang='lat' dir='ltr'>renna,</span> <span class='ocrx_word' id='word_1_247' title='bbox 883 3264 938 3335; x_wconf 90' lang='lat' dir='ltr'>sed</span> <span class='ocrx_word' id='word_1_248' title='bbox 962 3264 1035 3354; x_wconf 89' lang='lat' dir='ltr'>post</span> <span class='ocrx_word' id='word_1_249' title='bbox 1061 3262 1212 3357; x_wconf 80' lang='lat' dir='ltr'>coirent,</span> <span class='ocrx_word' id='word_1_250' title='bbox 1237 3285 1326 3336; x_wconf 92' lang='lat' dir='ltr'>nunc</span> <span class='ocrx_word' id='word_1_251' title='bbox 1361 3269 1488 3357; x_wconf 87' lang='lat' dir='ltr'>pecicm</span> <span class='ocrx_word' id='word_1_252' title='bbox 1513 3269 1647 3341; x_wconf 83' lang='lat' dir='ltr'>maculae</span> <span class='ocrx_word' id='word_1_253' title='bbox 1667 3269 1866 3358; x_wconf 82' lang='lat' dir='ltr'>formantes,</span> <span class='ocrx_word' id='word_1_254' title='bbox 1892 3277 1944 3346; x_wconf 91' lang='lat' dir='ltr'>in·</span> 
     </span>
     <span class='ocr_line' id='line_1_26' title="bbox 418 3364 1944 3463; baseline 0.001 -22"><span class='ocrx_word' id='word_1_255' title='bbox 418 3370 593 3452; x_wconf 72' lang='lat' dir='ltr'>distinctam</span> <span class='ocrx_word' id='word_1_256' title='bbox 618 3372 756 3463; x_wconf 87' lang='lat' dir='ltr'>pingunt</span> <span class='ocrx_word' id='word_1_257' title='bbox 776 3369 811 3435; x_wconf 91' lang='lat' dir='ltr'>in</span> <span class='ocrx_word' id='word_1_258' title='bbox 835 3365 937 3434; x_wconf 89' lang='lat' dir='ltr'>retina</span> <span class='ocrx_word' id='word_1_259' title='bbox 960 3364 1156 3457; x_wconf 71' lang='lat' dir='ltr'>imaginem,</span> <span class='ocrx_word' id='word_1_260' title='bbox 1182 3384 1280 3454; x_wconf 90' lang='lat' dir='ltr'>quam</span> <span class='ocrx_word' id='word_1_261' title='bbox 1303 3382 1398 3433; x_wconf 88' lang='lat' dir='ltr'>mens</span> <span class='ocrx_word' id='word_1_262' title='bbox 1422 3364 1598 3437; x_wconf 75' lang='lat' dir='ltr'>dimotum</span> <span class='ocrx_word' id='word_1_263' title='bbox 1620 3366 1746 3461; x_wconf 85' lang='lat' dir='ltr'>semper</span> <span class='ocrx_word' id='word_1_264' title='bbox 1763 3369 1944 3444; x_wconf 79' lang='lat' dir='ltr'>desiderat:</span> 
     </span>
     <span class='ocr_line' id='line_1_27' title="bbox 416 3456 1956 3559; baseline 0.001 -19"><span class='ocrx_word' id='word_1_265' title='bbox 416 3490 458 3539; x_wconf 81' lang='lat' dir='ltr'>an</span> <span class='ocrx_word' id='word_1_266' title='bbox 486 3488 554 3539; x_wconf 88' lang='lat' dir='ltr'>tum</span> <span class='ocrx_word' id='word_1_267' title='bbox 578 3488 657 3538; x_wconf 91' lang='lat' dir='ltr'>non·</span> <span class='ocrx_word' id='word_1_268' title='bbox 673 3464 835 3535; x_wconf 71' lang='lat' dir='ltr'>minuatur.</span> <span class='ocrx_word' id='word_1_269' title='bbox 851 3480 936 3530; x_wconf 87' lang='lat' dir='ltr'>zona</span> <span class='ocrx_word' id='word_1_270' title='bbox 955 3458 1097 3542; x_wconf 87' lang='lat' dir='ltr'>ciliaris,</span> <span class='ocrx_word' id='word_1_271' title='bbox 1128 3456 1164 3529; x_wconf 79' lang='lat' dir='ltr'>dt</span> <span class='ocrx_word' id='word_1_272' title='bbox 1185 3464 1329 3530; x_wconf 82' lang='lat' dir='ltr'>antenor</span> <span class='ocrx_word' id='word_1_273' title='bbox 1351 3461 1540 3534; x_wconf 87' lang='lat' dir='ltr'>membrana</span> <span class='ocrx_word' id='word_1_274' title='bbox 1557 3464 1712 3555; x_wconf 77' lang='lat' dir='ltr'>capsulae,</span> <span class='ocrx_word' id='word_1_275' title='bbox 1737 3469 1771 3539; x_wconf 90' lang='lat' dir='ltr'>in</span> <span class='ocrx_word' id='word_1_276' title='bbox 1793 3489 1858 3559; x_wconf 85' lang='lat' dir='ltr'>qua</span> <span class='ocrx_word' id='word_1_277' title='bbox 1872 3466 1956 3541; x_wconf 79' lang='lat' dir='ltr'>lene·</span> 
     </span>
     <span class='ocr_line' id='line_1_28' title="bbox 416 3557 1944 3653; baseline 0.001 -18"><span class='ocrx_word' id='word_1_278' title='bbox 416 3566 494 3648; x_wconf 88' lang='lat' dir='ltr'>est,</span> <span class='ocrx_word' id='word_1_279' title='bbox 526 3585 562 3635; x_wconf 93' lang='lat' dir='ltr'>ut</span> <span class='ocrx_word' id='word_1_280' title='bbox 584 3564 705 3633; x_wconf 86' lang='lat' dir='ltr'>humor</span> <span class='ocrx_word' id='word_1_281' title='bbox 731 3563 869 3640; x_wconf 86' lang='lat' dir='ltr'>vitreus,</span> <span class='ocrx_word' id='word_1_282' title='bbox 902 3558 921 3623; x_wconf 78' lang='lat' dir='ltr'>a</span> <span class='ocrx_word' id='word_1_283' title='bbox 945 3557 1172 3626; x_wconf 70' lang='lat' dir='ltr'>coircentibns</span> <span class='ocrx_word' id='word_1_284' title='bbox 1193 3558 1283 3627; x_wconf 90' lang='lat' dir='ltr'>oculi</span> <span class='ocrx_word' id='word_1_285' title='bbox 1305 3561 1424 3630; x_wconf 83' lang='lat' dir='ltr'>tunicis</span> <span class='ocrx_word' id='word_1_286' title='bbox 1441 3561 1640 3651; x_wconf 74' lang='lat' dir='ltr'>compressus</span> <span class='ocrx_word' id='word_1_287' title='bbox 1663 3562 1802 3653; x_wconf 82' lang='lat' dir='ltr'>pellatur</span> <span class='ocrx_word' id='word_1_288' title='bbox 1817 3585 1944 3637; x_wconf 82' lang='lat' dir='ltr'>antror-</span> 
     </span>
     <span class='ocr_line' id='line_1_29' title="bbox 418 3650 1944 3751; baseline 0.001 -20"><span class='ocrx_word' id='word_1_289' title='bbox 418 3662 510 3747; x_wconf 83' lang='lat' dir='ltr'>sum,</span> <span class='ocrx_word' id='word_1_290' title='bbox 533 3662 588 3730; x_wconf 89' lang='lat' dir='ltr'>bic</span> <span class='ocrx_word' id='word_1_291' title='bbox 607 3656 700 3728; x_wconf 74' lang='lat' dir='ltr'>simul</span> <span class='ocrx_word' id='word_1_292' title='bbox 723 3655 844 3725; x_wconf 86' lang='lat' dir='ltr'>lentem</span> <span class='ocrx_word' id='word_1_293' title='bbox 870 3650 988 3746; x_wconf 87' lang='lat' dir='ltr'>pellat,</span> <span class='ocrx_word' id='word_1_294' title='bbox 1014 3673 1087 3743; x_wconf 84' lang='lat' dir='ltr'>quae</span> <span class='ocrx_word' id='word_1_295' title='bbox 1109 3654 1210 3723; x_wconf 75' lang='lat' dir='ltr'>tuma</span> <span class='ocrx_word' id='word_1_296' title='bbox 1232 3656 1335 3723; x_wconf 89' lang='lat' dir='ltr'>retina</span> <span class='ocrx_word' id='word_1_297' title='bbox 1351 3658 1488 3726; x_wconf 88' lang='lat' dir='ltr'>recedit:</span> <span class='ocrx_word' id='word_1_298' title='bbox 1515 3656 1584 3729; x_wconf 86' lang='lat' dir='ltr'>lens</span> <span class='ocrx_word' id='word_1_299' title='bbox 1606 3657 1868 3751; x_wconf 84' lang='lat' dir='ltr'>stmulpropellit</span> <span class='ocrx_word' id='word_1_300' title='bbox 1883 3660 1944 3734; x_wconf 85' lang='lat' dir='ltr'>hu·</span> 
     </span>
     <span class='ocr_line' id='line_1_30' title="bbox 417 3747 1953 3846; baseline 0.002 -17"><span class='ocrx_word' id='word_1_301' title='bbox 417 3780 546 3829; x_wconf 87' lang='lat' dir='ltr'>morem</span> <span class='ocrx_word' id='word_1_302' title='bbox 570 3776 710 3846; x_wconf 90' lang='lat' dir='ltr'>aqueum</span> <span class='ocrx_word' id='word_1_303' title='bbox 732 3755 767 3822; x_wconf 89' lang='lat' dir='ltr'>in</span> <span class='ocrx_word' id='word_1_304' title='bbox 789 3768 941 3821; x_wconf 89' lang='lat' dir='ltr'>corneam</span> <span class='ocrx_word' id='word_1_305' title='bbox 963 3747 1162 3832; x_wconf 88' lang='lat' dir='ltr'>antrorsum,</span> <span class='ocrx_word' id='word_1_306' title='bbox 1187 3749 1255 3840; x_wconf 83' lang='lat' dir='ltr'>ejus</span> <span class='ocrx_word' id='word_1_307' title='bbox 1284 3749 1417 3843; x_wconf 85' lang='lat' dir='ltr'>figuram</span> <span class='ocrx_word' id='word_1_308' title='bbox 1443 3755 1476 3821; x_wconf 91' lang='lat' dir='ltr'>in</span> <span class='ocrx_word' id='word_1_309' title='bbox 1499 3755 1720 3845; x_wconf 82' lang='lat' dir='ltr'>gibbofiorem</span> <span class='ocrx_word' id='word_1_310' title='bbox 1743 3775 1873 3843; x_wconf 88' lang='lat' dir='ltr'>mutat,</span> <span class='ocrx_word' id='word_1_311' title='bbox 1906 3754 1953 3834; x_wconf 83' lang='lat'>&amp;-</span> 
     </span>
     <span class='ocr_line' id='line_1_31' title="bbox 418 3844 1942 3952; baseline 0 -26"><span class='ocrx_word' id='word_1_312' title='bbox 418 3877 485 3926; x_wconf 92' lang='lat' dir='ltr'>una</span> <span class='ocrx_word' id='word_1_313' title='bbox 507 3856 608 3950; x_wconf 85' lang='lat' dir='ltr'>magis</span> <span class='ocrx_word' id='word_1_314' title='bbox 629 3851 732 3922; x_wconf 89' lang='lat' dir='ltr'>tendit</span> <span class='ocrx_word' id='word_1_315' title='bbox 747 3872 769 3918; x_wconf 67' lang='grc' dir='ltr'>τ’</span> <span class='ocrx_word' id='word_1_316' title='bbox 789 3845 857 3915; x_wconf 90' lang='lat' dir='ltr'>hoc</span> <span class='ocrx_word' id='word_1_317' title='bbox 877 3846 974 3935; x_wconf 79' lang='lat' dir='ltr'>patto</span> <span class='ocrx_word' id='word_1_318' title='bbox 995 3844 1072 3914; x_wconf 89' lang='lat' dir='ltr'>radii</span> <span class='ocrx_word' id='word_1_319' title='bbox 1093 3844 1193 3927; x_wconf 82' lang='lat' dir='ltr'>lucis,</span> <span class='ocrx_word' id='word_1_320' title='bbox 1218 3847 1251 3912; x_wconf 91' lang='lat' dir='ltr'>in</span> <span class='ocrx_word' id='word_1_321' title='bbox 1273 3844 1406 3913; x_wconf 90' lang='lat' dir='ltr'>oculum</span> <span class='ocrx_word' id='word_1_322' title='bbox 1435 3845 1537 3936; x_wconf 76' lang='lat' dir='ltr'>illapsi</span> <span class='ocrx_word' id='word_1_323' title='bbox 1559 3851 1804 3943; x_wconf 78' lang='lat' dir='ltr'>gibbosiorem,</span> <span class='ocrx_word' id='word_1_324' title='bbox 1835 3858 1942 3952; x_wconf 79' lang='lat' dir='ltr'>magia</span> 
     </span>
     <span class='ocr_line' id='line_1_32' title="bbox 416 3937 1953 4047; baseline 0.004 -25"><span class='ocrx_word' id='word_1_325' title='bbox 416 3952 653 4047; x_wconf 78' lang='lat' dir='ltr'>restinguntur:</span> <span class='ocrx_word' id='word_1_326' title='bbox 663 3947 747 4017; x_wconf 75' lang='lat' dir='ltr'>form</span> <span class='ocrx_word' id='word_1_327' title='bbox 762 3944 856 4015; x_wconf 90' lang='lat' dir='ltr'>lentis</span> <span class='ocrx_word' id='word_1_328' title='bbox 871 3939 972 4035; x_wconf 80' lang='lat' dir='ltr'>figura</span> <span class='ocrx_word' id='word_1_329' title='bbox 986 3941 1081 4010; x_wconf 87' lang='lat' dir='ltr'>etiam</span> <span class='ocrx_word' id='word_1_330' title='bbox 1099 3938 1136 4010; x_wconf 85' lang='lat' dir='ltr'>iit</span> <span class='ocrx_word' id='word_1_331' title='bbox 1151 3937 1340 4032; x_wconf 80' lang='lat' dir='ltr'>rotundior,</span> <span class='ocrx_word' id='word_1_332' title='bbox 1355 3939 1397 4011; x_wconf 90' lang='lat' dir='ltr'>de</span> <span class='ocrx_word' id='word_1_333' title='bbox 1411 3962 1480 4032; x_wconf 91' lang='lat' dir='ltr'>quo</span> <span class='ocrx_word' id='word_1_334' title='bbox 1495 3941 1589 4015; x_wconf 85' lang='lat' dir='ltr'>insra:</span> <span class='ocrx_word' id='word_1_335' title='bbox 1611 3965 1682 4018; x_wconf 84' lang='lat' dir='ltr'>turn</span> <span class='ocrx_word' id='word_1_336' title='bbox 1699 3950 1819 4041; x_wconf 84' lang='lat' dir='ltr'>triplici</span> <span class='ocrx_word' id='word_1_337' title='bbox 1834 3953 1953 4028; x_wconf 84' lang='lat' dir='ltr'>modo·</span> 
     </span>
     <span class='ocr_line' id='line_1_33' title="bbox 414 4036 1206 4141; baseline -0.016 -20"><span class='ocrx_word' id='word_1_338' title='bbox 414 4050 559 4121; x_wconf 77' lang='lat' dir='ltr'>distinsia</span> <span class='ocrx_word' id='word_1_339' title='bbox 577 4047 724 4141; x_wconf 86' lang='lat' dir='ltr'>imaginis</span> <span class='ocrx_word' id='word_1_340' title='bbox 742 4043 868 4134; x_wconf 73' lang='lat' dir='ltr'>pistura</span> <span class='ocrx_word' id='word_1_341' title='bbox 889 4040 923 4109; x_wconf 90' lang='lat' dir='ltr'>in</span> <span class='ocrx_word' id='word_1_342' title='bbox 945 4040 1045 4109; x_wconf 89' lang='lat' dir='ltr'>retina</span> <span class='ocrx_word' id='word_1_343' title='bbox 1067 4036 1206 4129; x_wconf 82' lang='lat' dir='ltr'>juvatur.</span> 
     </span>
    </p>

    <p class='ocr_par' dir='ltr' id='par_1_10' title="bbox 411 4157 2000 5136">
     <span class='ocr_line' id='line_1_34' title="bbox 461 4157 1939 4268; baseline -0.002 -25"><span class='ocrx_word' id='word_1_344' title='bbox 461 4173 492 4268; x_wconf 60' lang='lat' dir='ltr'>l.</span> <span class='ocrx_word' id='word_1_345' title='bbox 514 4158 892 4243; x_wconf 83' lang='lat' dir='ltr'>MDCCCLXXXH.</span> <span class='ocrx_word' id='word_1_346' title='bbox 918 4160 952 4232; x_wconf 79' lang='lat' dir='ltr'>st</span> <span class='ocrx_word' id='word_1_347' title='bbox 977 4159 1142 4252; x_wconf 70' lang='lat' dir='ltr'>objectum</span> <span class='ocrx_word' id='word_1_348' title='bbox 1165 4157 1389 4253; x_wconf 85' lang='lat' dir='ltr'>procul&#39;abei‘t</span> <span class='ocrx_word' id='word_1_349' title='bbox 1413 4160 1456 4229; x_wconf 87' lang='lat' dir='ltr'>ab</span> <span class='ocrx_word' id='word_1_350' title='bbox 1471 4157 1595 4246; x_wconf 88' lang='lat' dir='ltr'>oculo,</span> <span class='ocrx_word' id='word_1_351' title='bbox 1619 4162 1663 4231; x_wconf 87' lang='lat' dir='ltr'>ita</span> <span class='ocrx_word' id='word_1_352' title='bbox 1680 4166 1876 4252; x_wconf 80' lang='lat' dir='ltr'>constituto,</span> <span class='ocrx_word' id='word_1_353' title='bbox 1901 4180 1939 4240; x_wconf 86' lang='lat' dir='ltr'>ut</span> 
     </span>
     <span class='ocr_line' id='line_1_35' title="bbox 417 4254 1939 4360; baseline -0.004 -17"><span class='ocrx_word' id='word_1_354' title='bbox 417 4270 616 4360; x_wconf 89' lang='lat' dir='ltr'>radiiparum</span> <span class='ocrx_word' id='word_1_355' title='bbox 640 4266 845 4359; x_wconf 87' lang='lat' dir='ltr'>divergentes</span> <span class='ocrx_word' id='word_1_356' title='bbox 867 4258 967 4349; x_wconf 82' lang='lat' dir='ltr'>illapsi</span> <span class='ocrx_word' id='word_1_357' title='bbox 995 4256 1185 4348; x_wconf 76' lang='lat' dir='ltr'>resraiiique</span> <span class='ocrx_word' id='word_1_358' title='bbox 1204 4254 1350 4339; x_wconf 74' lang='lat' dir='ltr'>coirent,</span> <span class='ocrx_word' id='word_1_359' title='bbox 1376 4274 1548 4347; x_wconf 87' lang='lat' dir='ltr'>antequam</span> <span class='ocrx_word' id='word_1_360' title='bbox 1568 4258 1601 4327; x_wconf 89' lang='lat' dir='ltr'>in</span> <span class='ocrx_word' id='word_1_361' title='bbox 1622 4260 1758 4330; x_wconf 87' lang='lat' dir='ltr'>retinam</span> <span class='ocrx_word' id='word_1_362' title='bbox 1768 4262 1939 4344; x_wconf 82' lang='lat' dir='ltr'>incidunt,</span> 
     </span>
     <span class='ocr_line' id='line_1_36' title="bbox 415 4351 1940 4445; baseline -0.003 -5"><span class='ocrx_word' id='word_1_363' title='bbox 415 4391 482 4440; x_wconf 88' lang='lat' dir='ltr'>tum</span> <span class='ocrx_word' id='word_1_364' title='bbox 507 4367 593 4438; x_wconf 87' lang='lat' dir='ltr'>tensa</span> <span class='ocrx_word' id='word_1_365' title='bbox 618 4383 704 4434; x_wconf 86' lang='lat' dir='ltr'>zona</span> <span class='ocrx_word' id='word_1_366' title='bbox 724 4360 840 4432; x_wconf 88' lang='lat' dir='ltr'>ciliaris</span> <span class='ocrx_word' id='word_1_367' title='bbox 854 4353 927 4441; x_wconf 81' lang='lat' dir='ltr'>,dt</span> <span class='ocrx_word' id='word_1_368' title='bbox 948 4357 1090 4426; x_wconf 87' lang='lat' dir='ltr'>anterior</span> <span class='ocrx_word' id='word_1_369' title='bbox 1112 4355 1299 4426; x_wconf 87' lang='lat' dir='ltr'>membrana</span> <span class='ocrx_word' id='word_1_370' title='bbox 1323 4351 1477 4443; x_wconf 85' lang='lat' dir='ltr'>capsulae,</span> <span class='ocrx_word' id='word_1_371' title='bbox 1503 4356 1537 4425; x_wconf 88' lang='lat' dir='ltr'>in</span> <span class='ocrx_word' id='word_1_372' title='bbox 1561 4353 1705 4445; x_wconf 85' lang='lat' dir='ltr'>quatiens</span> <span class='ocrx_word' id='word_1_373' title='bbox 1721 4358 1788 4443; x_wconf 84' lang='lat' dir='ltr'>est,</span> <span class='ocrx_word' id='word_1_374' title='bbox 1814 4360 1940 4435; x_wconf 84' lang='lat' dir='ltr'>lentem</span> 
     </span>
     <span class='ocr_line' id='line_1_37' title="bbox 415 4446 1944 4553; baseline -0.001 -19"><span class='ocrx_word' id='word_1_375' title='bbox 415 4465 624 4553; x_wconf 77' lang='lat' dir='ltr'>crystallinam</span> <span class='ocrx_word' id='word_1_376' title='bbox 651 4478 803 4549; x_wconf 91' lang='lat' dir='ltr'>premunt</span> <span class='ocrx_word' id='word_1_377' title='bbox 828 4459 861 4527; x_wconf 91' lang='lat' dir='ltr'>in</span> <span class='ocrx_word' id='word_1_378' title='bbox 887 4455 1059 4525; x_wconf 91' lang='lat' dir='ltr'>humorem</span> <span class='ocrx_word' id='word_1_379' title='bbox 1081 4456 1248 4538; x_wconf 89' lang='lat' dir='ltr'>vitreum,</span> <span class='ocrx_word' id='word_1_380' title='bbox 1283 4446 1479 4542; x_wconf 84' lang='lat' dir='ltr'>&amp;propius</span> <span class='ocrx_word' id='word_1_381' title='bbox 1501 4452 1611 4523; x_wconf 83' lang='lat' dir='ltr'>retinae</span> <span class='ocrx_word' id='word_1_382' title='bbox 1632 4452 1833 4530; x_wconf 84' lang='lat' dir='ltr'>admovent:</span> <span class='ocrx_word' id='word_1_383' title='bbox 1864 4458 1944 4533; x_wconf 78' lang='lat' dir='ltr'>lens-</span> 
     </span>
     <span class='ocr_line' id='line_1_38' title="bbox 416 4548 2000 4650; baseline 0.001 -19"><span class='ocrx_word' id='word_1_384' title='bbox 416 4558 597 4649; x_wconf 84' lang='lat' dir='ltr'>comprellu</span> <span class='ocrx_word' id='word_1_385' title='bbox 622 4557 657 4628; x_wconf 82' lang='lat' dir='ltr'>fit</span> <span class='ocrx_word' id='word_1_386' title='bbox 677 4557 822 4647; x_wconf 84' lang='lat' dir='ltr'>planior,</span> <span class='ocrx_word' id='word_1_387' title='bbox 846 4555 954 4624; x_wconf 87' lang='lat' dir='ltr'>minus</span> <span class='ocrx_word' id='word_1_388' title='bbox 976 4550 1122 4647; x_wconf 84' lang='lat' dir='ltr'>refringit</span> <span class='ocrx_word' id='word_1_389' title='bbox 1143 4550 1271 4636; x_wconf 84' lang='lat' dir='ltr'>radios,</span> <span class='ocrx_word' id='word_1_390' title='bbox 1295 4548 1380 4619; x_wconf 90' lang='lat' dir='ltr'>adeo</span> <span class='ocrx_word' id='word_1_391' title='bbox 1395 4569 1430 4619; x_wconf 93' lang='lat' dir='ltr'>ut</span> <span class='ocrx_word' id='word_1_392' title='bbox 1456 4549 1490 4620; x_wconf 92' lang='lat' dir='ltr'>hi</span> <span class='ocrx_word' id='word_1_393' title='bbox 1507 4552 1540 4620; x_wconf 91' lang='lat' dir='ltr'>in</span> <span class='ocrx_word' id='word_1_394' title='bbox 1560 4548 1639 4621; x_wconf 92' lang='lat' dir='ltr'>loco</span> <span class='ocrx_word' id='word_1_395' title='bbox 1666 4556 1831 4628; x_wconf 88' lang='lat' dir='ltr'>remotiori</span> <span class='ocrx_word' id='word_1_396' title='bbox 1845 4576 1934 4645; x_wconf 78' lang='lat' dir='ltr'>nunc</span> <span class='ocrx_word' id='word_1_397' title='bbox 1997 4637 2000 4650; x_wconf 63' lang='grc'>,</span> 
     </span>
     <span class='ocr_line' id='line_1_39' title="bbox 414 4647 1935 4746; baseline -0.008 -21"><span class='ocrx_word' id='word_1_398' title='bbox 414 4654 505 4730; x_wconf 80' lang='lat' dir='ltr'>noire</span> <span class='ocrx_word' id='word_1_399' title='bbox 526 4652 664 4744; x_wconf 81' lang='lat' dir='ltr'>poffint,</span> <span class='ocrx_word' id='word_1_400' title='bbox 687 4657 885 4746; x_wconf 87' lang='lat' dir='ltr'>pingantque</span> <span class='ocrx_word' id='word_1_401' title='bbox 898 4650 1019 4741; x_wconf 74' lang='lat' dir='ltr'>objesli</span> <span class='ocrx_word' id='word_1_402' title='bbox 1032 4651 1207 4745; x_wconf 83' lang='lat' dir='ltr'>imaginem</span> <span class='ocrx_word' id='word_1_403' title='bbox 1225 4653 1260 4721; x_wconf 89' lang='lat' dir='ltr'>in</span> <span class='ocrx_word' id='word_1_404' title='bbox 1274 4650 1393 4718; x_wconf 89' lang='lat' dir='ltr'>retina:</span> <span class='ocrx_word' id='word_1_405' title='bbox 1417 4647 1496 4719; x_wconf 89' lang='lat' dir='ltr'>olim</span> <span class='ocrx_word' id='word_1_406' title='bbox 1511 4648 1675 4738; x_wconf 79' lang='lat' dir='ltr'>processus</span> <span class='ocrx_word' id='word_1_407' title='bbox 1691 4654 1828 4731; x_wconf 86' lang='lat' dir='ltr'>Ciliares</span> <span class='ocrx_word' id='word_1_408' title='bbox 1845 4656 1935 4730; x_wconf 87' lang='lat' dir='ltr'>Len.</span> 
     </span>
     <span class='ocr_line' id='line_1_40' title="bbox 414 4744 1931 4839; baseline 0.003 -18"><span class='ocrx_word' id='word_1_409' title='bbox 414 4760 456 4828; x_wconf 75' lang='lat' dir='ltr'>tia</span> <span class='ocrx_word' id='word_1_410' title='bbox 485 4749 671 4839; x_wconf 80' lang='lat' dir='ltr'>crystallinae</span> <span class='ocrx_word' id='word_1_411' title='bbox 701 4748 857 4818; x_wconf 85' lang='lat' dir='ltr'>accellum</span> <span class='ocrx_word' id='word_1_412' title='bbox 883 4748 924 4819; x_wconf 86' lang='lat' dir='ltr'>ad</span> <span class='ocrx_word' id='word_1_413' title='bbox 947 4750 1110 4833; x_wconf 88' lang='lat' dir='ltr'>retinam,</span> <span class='ocrx_word' id='word_1_414' title='bbox 1144 4744 1180 4819; x_wconf 74' lang='grc' dir='ltr'>δι</span> <span class='ocrx_word' id='word_1_415' title='bbox 1204 4744 1359 4821; x_wconf 74' lang='lat' dir='ltr'>recessum</span> <span class='ocrx_word' id='word_1_416' title='bbox 1381 4766 1402 4816; x_wconf 85' lang='lat' dir='ltr'>a</span> <span class='ocrx_word' id='word_1_417' title='bbox 1423 4748 1525 4820; x_wconf 87' lang='lat' dir='ltr'>retina</span> <span class='ocrx_word' id='word_1_418' title='bbox 1546 4750 1685 4837; x_wconf 76' lang='lat' dir='ltr'>excitare</span> <span class='ocrx_word' id='word_1_419' title='bbox 1707 4754 1931 4838; x_wconf 69' lang='lat' dir='ltr'>dicebantur,</span> 
     </span>
     <span class='ocr_line' id='line_1_41' title="bbox 412 4843 1932 4943; baseline -0.002 -19"><span class='ocrx_word' id='word_1_420' title='bbox 412 4852 468 4924; x_wconf 93' lang='lat' dir='ltr'>sed</span> <span class='ocrx_word' id='word_1_421' title='bbox 499 4848 588 4939; x_wconf 86' lang='lat' dir='ltr'>quia</span> <span class='ocrx_word' id='word_1_422' title='bbox 610 4844 782 4936; x_wconf 82' lang='lat' dir='ltr'>processus·</span> <span class='ocrx_word' id='word_1_423' title='bbox 802 4843 938 4919; x_wconf 85' lang='lat' dir='ltr'>Ciliares</span> <span class='ocrx_word' id='word_1_424' title='bbox 966 4868 1036 4923; x_wconf 86' lang='lat' dir='ltr'>non</span> <span class='ocrx_word' id='word_1_425' title='bbox 1068 4845 1352 4943; x_wconf 84' lang='lat' dir='ltr'>deprehenduntur</span> <span class='ocrx_word' id='word_1_426' title='bbox 1384 4844 1584 4937; x_wconf 75' lang='lat' dir='ltr'>musculos,</span> <span class='ocrx_word' id='word_1_427' title='bbox 1617 4844 1653 4922; x_wconf 83' lang='lat'>&amp;</span> <span class='ocrx_word' id='word_1_428' title='bbox 1686 4852 1779 4931; x_wconf 84' lang='lat' dir='ltr'>soluti</span> <span class='ocrx_word' id='word_1_429' title='bbox 1812 4853 1932 4926; x_wconf 77' lang='lat' dir='ltr'>sunta</span> 
     </span>
     <span class='ocr_line' id='line_1_42' title="bbox 411 4938 1898 5136; baseline -0.001 -115"><span class='ocrx_word' id='word_1_430' title='bbox 411 4941 689 5039; x_wconf 44' lang='lat' dir='ltr'>beneficiens</span> <span class='ocrx_word' id='word_1_431' title='bbox 706 4938 944 5020; x_wconf 78' lang='lat' dir='ltr'>lutsennnna.</span> <span class='ocrx_word' id='word_1_432' title='bbox 1826 5038 1898 5136; x_wconf 57' lang='lat' dir='ltr'>Qu</span> 
     </span>
    </p>

    <p class='ocr_par' dir='ltr' id='par_1_11' title="bbox 896 5055 1934 5125">
     <span class='ocr_line' id='line_1_43' title="bbox 896 5055 1934 5125; baseline 0 0"><span class='ocrx_word' id='word_1_433' title='bbox 896 5055 899 5064; x_wconf 89' lang='lat'>&#39;</span> <span class='ocrx_word' id='word_1_434' title='bbox 961 5083 965 5090; x_wconf 95' lang='lat'>·</span> <span class='ocrx_word' id='word_1_435' title='bbox 1898 5058 1934 5125; x_wconf 63' lang='grc' dir='ltr'>θ’.</span> 
     </span>
    </p>
   </div>
   <div class='ocr_carea' id='block_1_8' title="bbox 0 0 2500 6765">
    <p class='ocr_par' dir='ltr' id='par_1_12' title="bbox 0 0 2500 6765">
     <span class='ocr_line' id='line_1_44' title="bbox 0 0 2500 6765; baseline 0 0"><span class='ocrx_word' id='word_1_436' title='bbox 0 0 2500 6765; x_wconf 95' lang='lat' dir='ltr'> </span> 
     </span>
    </p>
   </div>
  </div>
 </body>
</html>
