4992 6767
542 641 629 739 w
820 572 1799 760 cunnanutnun

546 824 652 896 minio
675 817 829 894 Cominus
848 815 1131 915 Schauntburgiaet
1155 818 1233 890 novi
1257 813 1393 909 quoque
1411 805 1580 906 contigisse
1602 806 1770 884 Mulhemi
1794 815 1836 890 ad
1853 815 1980 894 Ruram
2004 825 2079 897 med

551 941 658 995 aetate.
1347 957 1350 964 ·

603 1018 643 1091 ln
657 1015 829 1090 Cornitatn
844 1013 972 1111 Angliae
998 1013 1090 1086 Flint
1112 1012 1247 1085 soffores
1263 1009 1409 1080 fodinam
1429 1009 1640 1098 inceperant,
1672 1028 1715 1079 ex
1737 1011 1828 1104 cujus
1852 1032 1910 1085 ore
1932 1015 2081 1091 slammae

542 1117 734 1216 gladiorum
756 1114 852 1186 instar
873 1114 1109 1184 emittebantur.
1161 1104 1315 1181 Foliorea
1336 1106 1476 1177 uiduam
1499 1106 1541 1175 ab
1571 1124 1674 1196 opere
1703 1107 1924 1197 cessauerant,
1956 1117 2077 1189 deinde

491 1211 497 1223 '
552 1214 773 1294 descendunt,
797 1230 880 1280 unus
897 1208 1064 1280 candelam
1080 1205 1241 1277 incensam
1257 1203 1490 1294 imprudentius
1504 1221 1593 1273 tenet
1612 1223 1718 1294 prope
1733 1205 1850 1279 halitus
1865 1209 2077 1285 inflammabi-

551 1312 623 1395 les,
649 1312 706 1403 qui
728 1327 814 1379 tanta
831 1307 1090 1376 accendebantur
1112 1301 1335 1386 vehementia,
1360 1319 1397 1372 ut
1411 1303 1553 1391 crepitus
1567 1299 1663 1370 instar
1680 1310 1834 1376 tormenti
1851 1308 1994 1400 explosi,
2022 1311 2077 1382 sed

554 1409 709 1480 acutioris
733 1403 825 1485 soni,
848 1401 888 1470 ad
904 1400 1084 1471 dissentiam
1115 1418 1170 1494 15·
1195 1398 1377 1469 milliarium
1390 1398 1492 1468 audiri
1509 1399 1668 1488 potuerit:
1692 1399 1801 1472 sumus
1821 1404 1983 1491 escendit,
1999 1402 2035 1477 dt
2050 1411 2076 1477 i·

554 1505 590 1574 bi
616 1500 652 1573 ἃ
675 1503 708 1570 ἰη
726 1498 903 1571 rotundum
919 1496 1116 1569 obnubilans
1137 1495 1277 1569 coelum:
1302 1493 1457 1581 fossores,
1476 1497 1531 1585 qui
1554 1498 1649 1584 primi
1673 1497 1926 1584 descenderant,
1958 1525 2076 1601 magna

548 1597 710 1672 ‚uiolentia
724 1598 759 1667 in
777 1597 888 1665 obices
910 1591 1063 1686 impadli,¹
1078 1591 1232 1685 studiique
1249 1587 1340 1676 sun't,
1364 1612 1440 1666 cute
1450 1607 1653 1684 apparente,
1679 1614 1718 1662 ac
1742 1594 1833 1667 stvi'
1852 1601 1878 1668 'a
1901 1602 1980 1671 caesa
1996 1600 2076 1674 fuis·

556 1692 630 1766 set:
656 1693 733 1776 ille,
758 1694 816 1784 qui
839 1693 983 1763 incendii
1007 1711 1103 1764 autor
1130 1691 1229 1778 suit,
1262 1690 1410 1762 excussos
1442 1710 1483 1760 ex
1505 1687 1619 1759 fodina
1642 1692 1676 1761 in
1700 1690 1800 1762 altum
1840 1717 1919 1786 upra
1942 1701 2075 1771 arbores

555 1792 592 1864 in
607 1790 719 1864 medio
733 1809 849 1860 monte
870 1789 1049 1880 plantatas:
1072 1792 1222 1861 omnium
1243 1788 1368 1873 vestes,
1385 1782 1512 1878 &pilei
1535 1788 1568 1854 in
1582 1805 1679 1879 agros
1695 1789 1820 1861 vicinos
1836 1793 1982 1885 disjeci,
2007 1797 2073 1867 dis·

479 1928 482 1938 ·
554 1888 704 1981 petiique
726 1886 881 1958 suerunt:
904 1886 1051 1958 maehina
1072 1885 1222 1960 versatilis
1238 1887 1331 1978 supra
1346 1885 1492 1956 fodinam
1507 1882 1618 1976 ¹enada
1630 1903 1781 1958 unacum
1797 1885 1875 1962 sune
1893 1887 2075 1965 &hemina

493 2042 497 2049 .
547 1983 745 2078 suitpartim
760 1983 880 2066 stada,
895 1987 1011 2074 partim
1033 1986 1067 2055 in
1092 1985 1194 2055 altram
1217 1983 1306 2074 pulsa
1332 1983 1354 2078 (
1392 1983 1426 2077 ).
1474 2035 1476 2040 -
2060 2025 2064 2036 ·

618 2081 831 2172 Aliquantum
849 2080 989 2152 dubitari
1003 2079 1130 2171 pollet,
1149 2099 1191 2151 an
1206 2079 1429 2152 exhalationes
1453 2076 1535 2170 ipsas
1557 2095 1661 2169 petras
1679 2099 1862 2173 permeare,
1876 2080 1912 2155 dt
1926 2088 1961 2157 in
1977 2092 2076 2163 aurai

552 2177 683 2251 molare
697 2175 853 2268 poss’ent3
879 2198 989 2247 uerum
1005 2175 1075 2248 saxa
1098 2176 1169 2248 sunt
1183 2176 1362 2248 admodum
1383 2176 1523 2269 porosa,
1549 2172 1584 2246 &
1606 2176 1772 2268 perspiram
1794 2178 1878 2272 sepe
1901 2181 1974 2255 sunt
1992 2185 2074 2257 fub-

555 2273 722 2360 tiliffimc‚
746 2272 865 2363 quibus
888 2271 1035 2344 translata
1058 2273 1268 2346 conceditur:
1306 2275 1454 2355 Btowne
1476 2276 1509 2345 in
1532 2271 1645 2343 fodina
1666 2269 1838 2368 lluugariae
1864 2277 1984 2350 Saxum
2002 2283 2072 2354 du.

554 2370 708 2443 rilllmum
732 2368 840 2455 vidit,
872 2370 963 2462 quod
984 2368 1118 2442 sollores
1142 2370 1360 2441 instrumentis
1391 2365 1555 2459 personare
1578 2385 1647 2438 non
1672 2377 1839 2459 poterant,
1863 2372 2078 2451 nihilominus

552 2460 858 2540 saxum'tranlibant
881 2465 1101 2538 exhalationes
1122 2464 1302 2537 admodum
1325 2465 1476 2561 malignae
1502 2463 1593 2560 (b),
1640 2462 1740 2536 Hisce
1759 2472 1900 2566 cognitis
1921 2493 1992 2544 non
2014 2477 2076 2547 du·

555 2565 730 2636 bitabimus
745 2563 788 2634 de
802 2567 858 2649 iis,
878 2585 952 2656 quae
974 2566 1140 2636 traduntur
1163 2563 1206 2632 de
1229 2561 1380 2634 halitibus
1395 2563 1588 2636 exeuntibus
1602 2583 1645 2634 ex
1666 2567 1814 2651 avernia,
1834 2569 1886 2642 vei
1904 2568 2074 2645 charoneia

553 2661 745 2741 scrobibus,
770 2657 881 2748 &qui
906 2663 978 2732 sunt
999 2657 1177 2729 admodum
1193 2657 1402 2756 suffocantes:
1415 2659 1526 2734 -vehti
1540 2660 1630 2756 apud
1644 2657 1830 2749 canania
1844 2666 1912 2760 ipsa
1930 2667 2073 2758 althena·

546 2778 627 2846 aum
643 2777 738 2844 arce,
763 2756 799 2827 dt
819 2756 854 2824 iu
867 2753 980 2845 Syria,
1005 2775 1091 2847 quon
1113 2751 1286 2829 [meremur
1300 2755 1464 2850 descripsit
1488 2756 1510 2853 (
1540 2758 1570 2846 ).
1825 2775 1828 2780 ·

783 2916 978 3009 Principio,
1000 2915 1087 3012 quod
1108 2921 1252 2992 Auem
1269 2934 1453 3012 ,vocamen
1486 2941 1596 2992 umen
1609 2919 1647 2994 id
1658 2921 1761 3008 seb-,re

780 3011 967 3120 Imposttsm
990 3026 1060 3120 est,
1089 3031 1168 3120 quia
1179 3027 1264 3124 sunt
1286 3033 1406 3103 auibus
1436 3036 1600 3102 coenaria
1631 3033 1770 3120 censis,

778 3136 813 3207 E
837 3140 961 3230 regione
986 3160 1025 3207 ea
1049 3139 1133 3232 quod
1154 3140 1223 3213 ioca
1251 3164 1321 3212 cum
1342 3144 1501 3214 advenere
1524 3145 1671 3217 volantes
1713 3179 1716 3190 ·

776 3245 922 3340 Remigii
942 3247 1048 3316 oblite
1060 3265 1242 3338 pennarum
1264 3254 1340 3322 vela
1363 3258 1554 3330 remittent,

774 3353 1027 3451 Praecipitesque
1049 3358 1168 3432 cadunt
1190 3362 1279 3434 molli
1299 3366 1421 3434 cervice
1438 3364 1594 3459 praefusae

776 3463 820 3538 In
843 3478 984 3553 loram,
998 3473 1035 3564 st
1048 3468 1141 3563 farte
1165 3474 1217 3544 ita
1232 3471 1306 3568 fert
1329 3486 1452 3546 natata
1473 3473 1629 3549 hcorum.'

774 3575 849 3648 Aut
868 3580 911 3648 in
933 3598 1074 3672 aquam,
1090 3583 1125 3673 fi
1134 3577 1227 3675 forie
1242 3582 1330 3653 lacus
1338 3579 1523 3677 substratus
1538 3608 1660 3660 averno
1675 3589 1731 3684 est.

776 3688 903 3786 Qualis
924 3691 1014 3782 apud
1034 3694 1163 3762 Cumas·
1179 3694 1264 3765 iocus
1283 3695 1328 3786 est
1353 3711 1549 3792 montemque
1574 3698 1758 3796 Veserim,

773 3793 907 3885 Oppieti
929 3796 1042 3867 calidis
1057 3802 1114 3870 sebi
1127 3797 1267 3893 famant
1282 3802 1433 3896 fontibus
1451 3815 1576 3879 eutius.

772 3902 838 3997 Est
852 3904 896 3986 {si
914 3907 1085 3980 Athenaeis
1107 3912 1142 3980 in
1168 3916 1339 4000 menibus,
1363 3921 1449 3988 arcis
1468 3921 1504 3990 in
1518 3920 1584 4016 ipso

771 4011 927 4101 Vertite,
944 4019 1089 4110 palladis
1109 4021 1158 4092 ad
1168 4027 1320 4118 templum
1344 4029 1524 4101 Tritonidos
1548 4031 1669 4124 alme,
1687 4063 1699 4130 '.

771 4128 851 4228 Qu
872 4121 1036 4228 numiam
1051 4140 1165 4230 μηθεὶς
1183 4143 1346 4235 appellunt
1368 4162 1497 4238 corpore
1519 4170 1626 4221 raucae

770 4241 939 4325 Comites,
961 4267 1024 4318 noe
1036 4248 1252 4345 cumfumant
1264 4257 1388 4329 altaria
1407 4257 1519 4329 donis:
1687 4251 1689 4256 ’

773 4354 883 4450 Usque
904 4358 981 4432 adeo
995 4361 1149 4460 fugitant
1172 4391 1234 4441 non
1254 4376 1324 4445 iras
1344 4373 1497 4446 Palladis
1520 4397 1611 4448 acres

769 4461 939 4566 Pervigili
956 4472 1074 4569 causa,
1099 4476 1238 4571 &mum
1255 4499 1294 4556 ut
1307 4486 1442 4559 cecinere
1457 4488 1575 4566 Paete.

618 4715 681 4796 (ι)
694 4716 820 4956 Kmal
840 4726 893 4790 dee
912 4727 1036 4795 scarane
1056 4731 1113 4804 A..
1128 4742 1216 4813 1678.
1237 4757 1304 4819 pag.
1328 4757 1397 4822 2³3·

617 4796 681 4875 (i)
718 4803 820 4867 ourani
841 4806 892 4870 dea
910 4807 1035 4880 vatus
1056 4812 1113 4883 Δο.
1137 4823 1223 4889 1682·
1243 4823 1311 4901 pagi
1334 4830 1402 4900 aaa,

614 4872 676 4956 (θ)
753 4890 814 4959 ιῦο
832 4885 870 4955 Y·
895 4901 954 4967 140,
1132 4894 1151 4905 ..
1233 4971 1251 5011 .
