4992 6767
859 715 999 803 DE
1154 695 1499 829 AQUA
1856 715 1961 845 Q,

410 941 507 1013 tem,
531 921 599 995 hee
615 913 740 990 etiamst
755 908 877 995 fluida,
901 912 1009 982 minus
1034 929 1132 1003 quarn
1153 909 1274 1007 glacies
1295 933 1433 985 nascens
1448 891 1569 1010 friget,=
1587 923 1754 1007 utcunque
1778 920 1934 1009 hyemet:

410 1015 684 1194 guemadmodum
705 1015 740 1086 in
762 1005 869 1083 Gallia
886 1006 1043 1080 Nolletus
1065 1007 1159 1108 (a).
1185 1010 1218 1080 in
1241 1007 1353 1082 Rulsra
1371 1011 1527 1084 Delissius
1551 1011 1757 1086 observavere
1774 1020 1794 1113 (
1801 1018 1862 1111 b).
1896 1021 1932 1095 ln

435 1125 489 1192 inu
511 1117 656 1190 Finnico
679 1131 788 1184 tamen
811 1111 846 1180 in
876 1105 1095 1200 profunditate
1129 1106 1186 1180 28.
1208 1128 1381 1205 orgyantm
1403 1109 1521 1200 hyeme
1545 1108 1681 1209 frigere,
1704 1115 1754 1186 uti
1778 1115 1823 1187 ell
1846 1137 1932 1210 pun-

404 1221 492 1292 etum
517 1211 779 1308 congelationis,
798 1205 845 1279 est
867 1203 1034 1297 proditum
1061 1210 1076 1300 (
1110 1203 1144 1300 ).

453 1315 489 1388 Si
520 1311 598 1410 gelu
620 1331 640 1380 a
664 1306 785 1404 frigore
814 1303 884 1375 solo
906 1300 1092 1395 penderet,
1125 1324 1168 1372 nn
1192 1321 1261 1372 tum
1284 1324 1354 1374 non
1378 1300 1575 1394 potislimum
1599 1309 1632 1382 in
1657 1307 1780 1408 Belgio
1805 1309 1928 1410 gelaret
2023 1299 2034 1326 '

406 1409 511 1490 flante
542 1407 811 1499 septemtrione,
837 1400 893 1493 qui
921 1421 962 1470 ex
985 1399 1039 1491 pla
1065 1403 1091 1470 is
1113 1398 1225 1472 Terrae
1249 1397 1453 1496 frigidiffimis
1477 1401 1655 1492 adventat,
1680 1403 1716 1480 81
1740 1431 1850 1484 revera
1872 1411 1929 1483 fri·

407 1531 483 1611 get:
507 1527 640 1590 verum,
663 1504 729 1575 boc
747 1501 884 1594 spirante
906 1516 1025 1583 vento,
1040 1421 1167 1586 lryenre
1191 1519 1264 1568 raro
1290 1496 1395 1592 gelat,
1421 1521 1483 1572 nec
1507 1503 1584 1596 gelu
1599 1504 1645 1574 est
1659 1527 1752 1593 acre,
1777 1528 1833 1580 aut
1856 1509 1928 1581 dla-

406 1626 566 1681 rumum:
599 1603 753 1674 Attamen
774 1597 861 1696 gelat
883 1594 1019 1689 spirante
1040 1595 1226 1686 Aquilone,
1252 1594 1459 1682 subsolano,
1485 1595 1522 1669 or
1546 1599 1658 1687 Euro,
1682 1604 1759 1676 licet
1782 1606 1817 1679 hi
1841 1611 1929 1681 venti

403 1727 449 1780 ex
470 1701 659 1799 regionibus
681 1701 788 1770 minus
809 1692 1002 1792 frigentibus
1024 1693 1225 1784 appulerint,
1250 1692 1304 1762 sed
1329 1714 1404 1784 quae
1426 1696 1486 1766 alia
1506 1701 1700 1790 corpuscula
1724 1723 1765 1773 ex
1788 1701 1858 1774 solo
1873 1725 1929 1777 ex·

406 1802 523 1897 spirata
551 1820 628 1871 cum
650 1799 754 1870 ventis
768 1794 811 1865 ad
834 1791 974 1863 nostram
1000 1787 1156 1862 afferunt:
1181 1791 1259 1861 ideo
1284 1810 1517 1883 nonnunquam
1542 1800 1652 1867 notavi
1674 1821 1778 1872 verno
1802 1819 1930 1893 tempo·

404 1921 462 1984 re,
488 1895 614 1969 llslartio
638 1890 673 1967 dt
695 1891 829 1986 Aprili,
854 1891 922 1961 imo
944 1909 1031 1958 anno
1059 1907 1163 1981 1733.
1187 1890 1221 1958 in
1246 1888 1358 1958 medio
1376 1887 1491 1980 Junii3
1518 1889 1553 1963 81
1578 1894 1640 1965 A·.
1662 1898 1765 1989 1758.
1790 1898 1845 1969 die
1869 1922 1928 1990 14.

403 1997 515 2091 Junii‚
540 2015 615 2066 cum
639 1993 709 2064 dies
733 1988 861 2063 serenus
883 1983 1090 2056 mediocriter
1113 1985 1236 2056 calidus
1261 1983 1487 2076 praecesserat,
1512 2010 1611 2081 arque
1635 1993 1726 2066 calor
1749 1997 1928 2068 nocturnus

405 2091 637 2166 &matutinus
663 2090 722 2181 58.
742 2088 834 2184 grad.
858 2086 960 2156 nodu
984 2080 1176 2153 succedente
1197 2081 1312 2166 Euro,
1338 2082 1540 2172 Subsolano,
1563 2086 1615 2158 vel
1639 2087 1807 2181 Aquilone
1832 2090 1928 2164 soliar

402 2195 467 2264 ruri
491 2187 581 2260 fuisse
603 2186 850 2282 conglaciatas,
881 2181 933 2254 vel
959 2179 1075 2251 herbas
1099 2183 1213 2272 pruina
1237 2199 1431 2270 correptasa
1462 2182 1497 2252 hi
1520 2186 1609 2256 venti
1633 2207 1702 2258 non
1727 2208 1793 2258 tarn
1818 2187 1926 2262 subito

403 2309 519 2380 aquarn
542 2281 577 2356 δι
601 2284 716 2355 herbas
737 2283 858 2353 diurno
882 2278 959 2350 Sole
984 2297 1132 2368 tepentes
1163 2276 1350 2372 refrigerare
1382 2298 1585 2367 potuerunt,
1617 2282 1658 2350 ad
1682 2284 1817 2378 gradum
1846 2303 1927 2375 31,

404 2387 460 2477 qui
488 2403 621 2475 quoque
645 2380 832 2451 observatus
855 2397 922 2446 non
945 2375 1008 2454 est,
1034 2374 1088 2443 sed
1114 2373 1236 2463 aliquid
1262 2375 1369 2444 secum
1395 2376 1612 2463 advexerunt,
1637 2379 1729 2471 quod
1752 2402 1847 2472 aquae
1871 2381 1929 2454 ad·

401 2484 565 2569 mixtum,
591 2498 666 2547 eam
689 2478 723 2546 in
746 2474 884 2568 glaciem
906 2471 1040 2566 coegit:
1067 2470 1219 2542 dicuntur
1241 2470 1274 2541 bi
1299 2475 1386 2543 venti
1409 2472 1554 2546 lambisle
1578 2479 1740 2548 montium
1765 2481 1926 2575 germani·

402 2599 519 2650 corum
546 2576 656 2664 apices
684 2573 757 2640 nive
787 2571 912 2650 tectos,
937 2564 972 2635 &
1002 2566 1230 2662 refrigeratos,
1257 2570 1348 2657 quod
1373 2572 1512 2642 concedi
1543 2574 1661 2664 potest.
1711 2574 1867 2648 Attamen
1893 2575 1928 2648 hi

403 2677 493 2744 venti
514 2692 582 2742 tum
608 2689 677 2737 non
702 2664 841 2756 srigent,
866 2663 907 2729 ad
923 2661 1044 2730 nostras
1064 2666 1215 2754 regiones
1233 2664 1384 2752 appulsr,
1409 2666 1510 2759 gradu
1537 2689 1614 2758 31,
1639 2670 1694 2742 sed
1709 2672 1791 2746 ultra
1802 2695 1850 2771 gr.
1870 2683 1927 2768 50'.

404 2768 532 2852 calent,
559 2762 592 2834 &
614 2761 692 2857 gelu
715 2761 909 2849 important3
936 2755 1029 2845 quod
1053 2776 1128 2827 uta
1150 2754 1272 2851 frigore
1295 2757 1421 2830 differat
1445 2763 1570 2831 necesse
1593 2764 1653 2833 esl.

449 2889 481 2987 5.
507 2885 634 2958 MDX.
660 2881 694 2950 Si
720 2875 920 2949 attendamus
939 2873 980 2943 ad
1005 2875 1112 2967 gelu,
1149 2875 1184 2944 id
1209 2878 1240 2944 in
1266 2875 1382 2948 eadem
1408 2882 1543 2974 regione
1567 2882 1743 2974 aliquando
1767 2891 1810 2959 ita
1834 2910 1872 2962 va
1916 2931 1929 2947 ·

400 3010 478 3072 rur,
512 3006 547 3055 ut
576 2987 610 3052 in
647 2974 812 3048 nonnullis
842 2971 949 3056 locis,
982 2973 1039 3060 qui
1061 2989 1187 3044 tanturn
1218 2971 1346 3063 aliquot
1371 2993 1585 3048 centenorum
1611 2983 1733 3070 pedum
1758 2912 1927 3060 intervallo

403 3085 546 3166 distant,
579 3078 712 3157 serint,
744 3074 777 3140 in
807 3067 1006 3139 intermediis
1026 3066 1113 3156 quasi
1142 3070 1225 3137 inter
1247 3066 1320 3137 baec
1344 3088 1488 3141 extrema
1511 3072 1615 3168 plagia
1639 3080 1843 3152 moderatum
1868 3086 1928 3173 slt;

402 3185 466 3254 hoc
489 3195 642 3270 apparet,
666 3171 689 3240 sr
711 3188 805 3250 arva,
830 3169 863 3234 in
884 3165 1002 3254 quibus
1022 3163 1214 3259 sagopyrurn
1241 3161 1342 3234 srtrurn
1367 3165 1434 3248 est,
1459 3165 1660 3257 spedonam
1688 3197 1828 3266 quorrnn
1853 3179 1926 3272 pla.

402 3301 453 3377 gae
473 3279 597 3367 aliquot
620 3272 695 3340 hinc
718 3264 795 3335 inde
814 3283 833 3331 a
852 3263 928 3356 gelu
954 3261 1159 3344 aduruntur,
1196 3257 1267 3330 aliis
1291 3261 1490 3335 intermediis
1514 3266 1639 3338 intretis
1665 3265 1701 3340 &
1724 3272 1797 3344 laete
1821 3277 1926 3350 viren-

403 3379 517 3467 tibus,
550 3370 696 3460 quamvis
716 3357 1000 3447 circumsepiantur
1022 3359 1220 3440 arboribus,
1245 3378 1301 3428 aut
1324 3357 1420 3449 plane
1454 3380 1565 3454 aperta
1588 3363 1718 3439 fuerint.
1771 3369 1927 3469 Diligen-

400 3471 533 3544 tissrmus
556 3465 683 3553 Noppe
710 3461 811 3529 Anno
840 3472 943 3545 1742.
966 3454 1020 3522 die
1044 3472 1096 3545 7⁰.
1121 3452 1264 3543 januarii
1285 3455 1365 3522 bora
1389 3456 1515 3527 decima
1539 3465 1698 3532 nocturne.
1721 3487 1813 3536 notat
1831 3469 1925 3542 bler-

400 3573 528 3641 curium
561 3568 595 3633 in
623 3560 877 3628 'sbermornetro
903 3548 1053 3618 indicasse
1078 3549 1212 3642 gradum
1241 3571 1274 3638 4.
1307 3551 1341 3617 in
1374 3549 1519 3621 Castello
1544 3555 1795 3658 Swanenburg,
1830 3563 1864 3634 81
1889 3569 1924 3640 in·

402 3687 492 3759 pago
526 3655 749 3749 sparendam,
782 3668 857 3716 curn
890 3643 1036 3713 Harlenri
1066 3643 1167 3713 stabat
1194 3645 1228 3714 in
1261 3643 1362 3738 gradu
1394 3665 1446 3738 15.
1479 3647 1550 3720 haec
1585 3656 1642 3722 tria
1667 3654 1741 3725 loca
1765 3663 1817 3730 vix
1843 3662 1924 3736 ultra

400 3761 539 3833 milliare
559 3752 693 3833 distant,
718 3752 751 3817 in
775 3744 834 3813 fitu
858 3739 1060 3834 Triangulari
1079 3739 1209 3831 jacent,
1236 3737 1375 3810 Salanus
1400 3743 1549 3834 spirabat.
1574 3747 1677 3822 Anno
1708 3774 1811 3847 1754.
1838 3763 1923 3834 circa

400 3857 545 3930 medium
578 3848 692 3920 Martii
714 3841 904 3915 acerrimum
927 3837 1004 3931 gelu
1027 3835 1194 3928 UltraJ'etii
1218 3833 1309 3919 fuir,
1341 3839 1432 3927 quod
1457 3843 1561 3916 multo
1586 3851 1695 3920 mitius
1719 3851 1925 3930 Amsleloda·

399 3959 471 4037 mi,
501 3955 552 4022 vix
576 3945 678 4015 ullum
702 3937 848 4026 Leydae:
880 3936 912 4004 in
937 3930 1045 4014 sosia,
1079 3953 1154 4022 quae
1178 3954 1196 4003 a
1219 3931 1333 4023 Leyda
1357 3935 1446 4008 ducit
1472 3938 1692 4030 llarlernum,
1727 3969 1791 4022 tres
1817 3953 1922 4051 plagae

401 4051 489 4124 mille
513 4047 641 4117 circiter
663 4038 764 4128 pedes
791 4033 900 4126 longae
923 4029 1023 4101 densi
1047 4029 1150 4125 glacie
1182 4030 1420 4125 obriguerant,
1452 4036 1582 4126 reliquis
1614 4046 1757 4130 partibus
1782 4053 1834 4120 vix
1860 4054 1925 4124 ulla

400 4149 502 4246 glacie
525 4142 634 4213 tetris:
661 4139 761 4207 Anno
790 4129 893 4222 1758.
914 4126 1056 4220 januarii
1082 4148 1159 4198 220.
1180 4128 1261 4196 hora
1285 4130 1397 4200 odlava
1422 4134 1578 4202 matutina
1603 4137 1770 4229 Ulrrajet‘li
1794 4145 1923 4219 suitsri·

400 4267 459 4343 gur
492 4262 524 4333 3.
556 4237 648 4335 grad.
682 4230 804 4320 Leydae
836 4245 904 4294 tum
931 4221 993 4293 suit
1018 4245 1072 4293 re.
1109 4224 1198 4319 grad.
1248 4223 1312 4293 Sed
1344 4227 1377 4293 in
1401 4225 1517 4299 Suecia
1542 4231 1628 4303 idern
1655 4237 1855 4312 observatum
1880 4247 1921 4313 ab

400 4337 616 4415 Ebrenmals:
642 4329 750 4401 multis
775 4324 910 4415 inquit,
945 4323 1053 4392 evenit
1078 4323 1110 4391 in
1133 4321 1242 4407 locis,
1275 4337 1312 4389 ut
1336 4320 1473 4410 spirante
1497 4329 1679 4403 Subsolano
1702 4333 1820 4424 aliquis
1843 4360 1921 4436 ager

397 4439 587 4527 corripiatur
609 4430 707 4527 gelu,
732 4425 803 4495 aliis
822 4420 935 4493 vicinis
956 4421 1160 4490 manentibus
1182 4440 1201 4488 a
1224 4417 1301 4514 gelu
1326 4418 1546 4494 immunibus:
1571 4428 1624 4497 alii
1649 4433 1717 4525 agri
1741 4435 1919 4530 congelan-

399 4556 449 4611 tur
474 4557 493 4605 a
516 4532 684 4612 Fauonio,
709 4523 822 4596 vicinis
844 4517 1049 4587 manentibus
1068 4516 1240 4588 mollibus:
1265 4513 1319 4587 alii
1343 4520 1408 4587 acri
1430 4521 1507 4617 gelu
1530 4528 1747 4620 corripiuntur
1770 4532 1811 4604 ab
1832 4535 1919 4606 Aur·

1845 4651 1917 4719 tro;

471 4837 533 4915 (a)
556 4833 722 4897 L‘ilisloire
745 4832 781 4892 de
797 4827 911 4891 l'Atad.
931 4831 1008 4905 Roy.
1033 4829 1085 4891 ΔΟ.
1104 4843 1188 4911 1743.
1207 4843 1273 4907 pag.
1291 4843 1339 4906 55.

471 4921 534 4992 (b)
557 4917 723 4976 Commeat.
747 4910 894 4985 Petropol.
918 4910 1006 4971 Tum.
1024 4910 1079 4968 Vll
1108 4926 1175 4986 pag.
1192 4925 1259 4985 ²37·
1283 4910 1311 4970 dt
1332 4909 1431 4974 Tanto
1445 4911 1484 4977 Χ.
1506 4928 1572 5000 pag.
1587 4927 1656 4993 319·
1669 4931 1739 4996 320,

474 4999 532 5077 (c)
554 4989 752 5060 nonoretur
771 4990 803 5051 in
821 4989 935 5050 nunu·
954 4988 1050 5058 saorla
1069 4989 1151 5052 Anni
1167 5001 1256 5064 1153.
1276 5006 1341 5067 pag.
1357 4999 1407 5054 no.
1793 5037 1797 5043 .

1248 5093 1442 5178 beba
