4992 6767
534 694 725 798 3m,
867 679 1745 770 coronantes

537 872 1456 1065 ·{lidi‚lnltlslllllllqllllll
1473 875 2086 1071 llilllnlllldlllpllt

556 1072 665 1144 servit:
732 1089 835 1143 ereres
857 1070 1045 1143 Brundinna
1069 1068 1241 1138 laudabant
1260 1088 1301 1136 ex
1317 1067 1442 1137 Stanno
1466 1065 1502 1140 ἃ
1523 1088 1587 1140 aare
1606 1073 1717 1143 mixtis
1742 1074 1843 1168 (a),
1868 1073 1977 1165 qualit
2002 1099 2083 1151 nos·

557 1172 614 1240 tris
635 1170 836 1261 temporibus
860 1170 956 1238 etiam
980 1165 1051 1235 sunt
1077 1165 1171 1256 (b).
1220 1161 1312 1233 Olim
1339 1161 1470 1254 praelata
1497 1162 1568 1235 sunt
1594 1189 1768 1261 argentea,
1795 1193 1869 1263 quae
1894 1174 2017 1262 primus
2030 1172 2083 1245 se·

557 1269 604 1335 cit
626 1263 822 1347 Praxiteles,
847 1265 957 1357 magni
981 1259 1131 1350 Pompeji
1153 1276 1265 1329 atate:
1288 1258 1343 1330 sed
1365 1280 1533 1354 argentum
1554 1263 1686 1334 mollius
1710 1266 1784 1358 est,
1815 1287 1914 1359 quarn
1933 1289 1969 1340 ut
1991 1271 2082 1343 bene

557 1360 713 1453 poliatur:
739 1355 774 1429 δι
797 1362 832 1432 in
856 1360 974 1454 Belgio
996 1374 1144 1444 tempore
1169 1354 1351 1427 brevissimo
1373 1357 1415 1425 ab
1432 1360 1506 1427 a'e‘te
1523 1359 1671 1431 exeditur
1690 1363 1799 1436 amissa
1820 1366 1913 1436 ontni
1926 1365 2082 1456 palata.

606 1483 637 1579 5.
663 1477 1041 1569 MDCCCCLXXIII.
1073 1477 1155 1552 Non
1178 1480 1277 1575 igitur
1299 1479 1430 1550 durities
1454 1499 1511 1551 aut
1532 1502 1708 1573 corporum
1731 1485 1868 1557 densitas
1892 1483 1970 1558 satit
1996 1507 2079 1580 ops·

557 1582 709 1663 citatem,
735 1597 790 1648 aut
812 1577 944 1668 quando
964 1596 1103 1667 corpora
1124 1579 1249 1668 optime
1273 1576 1368 1667 politi
1382 1575 1544 1669 'possuntt
1577 1581 1754 1670 namquid
1777 1582 1888 1653 durius
1912 1582 2080 1655 Adaman-
2133 1651 2135 1655 .

556 1694 611 1760 te,
645 1676 702 1765 qui
723 1677 869 1745 omnium
893 1673 1125 1767 diophanomm
1147 1673 1194 1743 est
1219 1671 1511 1767 pellucidiffimusl
1545 1676 1592 1746 uti
1616 1695 1751 1768 quoque
1771 1676 1844 1749 sunt
1868 1676 1978 1749 multae
2001 1678 2078 1754 slioe

554 1793 715 1867 gemmae,
739 1794 813 1863 quae
837 1772 961 1864 optime
986 1769 1081 1863 poliri
1105 1769 1246 1863 possunt.

603 1888 635 1987 5.
661 1886 1049 1961 MDCCCCLxxtv.
1090 1885 1216 1960 Lucem
1247 1889 1289 1960 ab
1312 1888 1382 1961 aliis
1406 1889 1600 1981 corporibus
1623 1885 1752 1962 differre
1778 1889 2075 1968 aeneasannos

553 1985 620 2080 est,
646 1989 799 2077 quoniam
821 2007 920 2080 poros
942 2006 1119 2078 corporum
1140 1986 1269 2078 patulos
1287 2007 1356 2056 non
1377 1985 1500 2077 semper
1524 1983 1653 2069 aanor,
1675 1986 1810 2080 plurim
1832 1986 1995 2079 ejusmodi
2018 2009 2077 2060 ex·

538 2083 663 2177 effipia
686 2083 865 2153 habemus:
890 2083 987 2171 Aqua
1012 2103 1081 2151 non
1104 2080 1239 2174 perfluit
1263 2078 1469 2174 ampliffimos
1490 2079 1587 2149 cilicii
1610 2081 1757 2152 <amelini
1780 2102 1900 2173 poros:
1925 2087 1995 2154 imo
2010 2106 2076 2158 aec

552 2180 670 2269 Aqua,
695 2173 758 2248 nec
781 2177 922 2262 Vinum,
948 2196 1011 2246 nec
1035 2176 1213 2258 Cerealia,
1239 2196 1301 2246 nec
1325 2173 1403 2245 Vini
1426 2174 1549 2267 spiritus
1565 2197 1661 2268 poros
1679 2175 1834 2246 cadorum
1858 2177 2074 2270 ligneorum,

536 2275 609 2344 'aut
632 2274 752 2343 suberis
781 2271 957 2341 admodum
982 2270 1111 2361 patulos
1131 2270 1286 2362 perfluit,
1312 2290 1388 2340 cum
1410 2289 1519 2341 tarnen
1541 2271 1648 2341 oleum
1668 2271 1843 2355 olitanam,
1866 2272 1973 2343 multo
1990 2273 2073 2367 spis·

551 2369 615 2440 lius
638 2371 841 2450 memoratis,
866 2368 919 2436 vix
941 2389 959 2436 a
981 2365 1068 2436 cadis
1093 2368 1223 2437 retineri
1239 2363 1344 2461 posit.
1394 2363 1580 2438 Mercurius
1598 2365 1759 2449 chartam,
1782 2365 1982 2453 linteamina,
2006 2363 2071 2442 co·

550 2468 634 2537 rium
661 2485 729 2540 nott
754 2463 846 2534 sacile
869 2463 1000 2547 transit,
1025 2483 1100 2532 cum
1123 2483 1230 2535 tamen
1254 2484 1295 2533 ex
1322 2463 1466 2557 partibus
1489 2461 1594 2536 multo
1613 2461 1846 2550 tenuioribus,
1876 2483 1971 2555 quam
1991 2464 2068 2540 sunt

534 2561 668 2634 'horum
693 2580 869 2655 corporum
894 2580 1037 2643 meatus,
1062 2559 1197 2630 constat.

538 2771 543 2782 ,
596 2690 630 2786 5.
654 2686 1019 2764 MDCCCCLXXV.
1045 2686 1257 2782 opinandum
1278 2685 1438 2772 nonest,
1460 2706 1599 2780 corpora
1613 2683 1678 2758 esse
1694 2685 1832 2758 omnino
1850 2705 1971 2779 optem
1994 2707 2070 2776 qua

549 2790 673 2859 tudites
696 2791 876 2859 examinata
899 2786 1000 2857 visum
1020 2784 1162 2855 adimere
1185 2784 1350 2855 videntur:
1374 2783 1560 2876 hujusmodi
1582 2784 1737 2877 pauciora
1757 2780 1849 2865 sunt,
1873 2801 1973 2872 quam
1988 2781 2069 2856 sidet

535 2879 641 2970 sert,
671 2884 694 2956 st
718 2888 752 2956 in
779 2885 856 2955 loco
889 2882 1028 2954 obscuro
1060 2884 1313 2965 examinentur,
1345 2879 1424 2950 dum
1448 2879 1507 2952 Sol
1536 2881 1577 2950 ab
1609 2879 1712 2951 altera
1738 2897 1829 2972 parte
1850 2875 2069 2955 illustraverit:

548 2984 660 3052 omnia
683 2981 812 3052 metalla
836 2984 870 3049 in
896 2979 1029 3048 laminas
1053 2978 1105 3045 vel
1128 2978 1272 3046 brailcas
1292 2976 1471 3045 admodum
1492 2995 1607 3047 tenues
1624 2974 1724 3068 sparsa
1746 2973 1940 3070 pellucent,
1964 2970 2067 3046 uti&

538 3074 685 3167 ¹lamellae
707 3098 748 3146 ex
774 3094 973 3164 quocunque
992 3072 1086 3164 ligno
1113 3069 1227 3141 scissae:
1252 3070 1333 3141 nodi
1357 3070 1522 3165 lignorum
1540 3072 1774 3158 resinosotum,
1798 3071 1920 3142 etiamfi
1941 3069 2068 3142 trombi·

546 3168 588 3240 lis
610 3168 836 3253 cnffirudinis,
863 3188 930 3237 tum
955 3164 1104 3261 &digiti
1134 3166 1312 3237 nostrarum
1338 3188 1493 3239 manuum
1518 3167 1614 3240 instar
1637 3189 1741 3240 comu
1766 3166 1973 3239 transmeent.

554 3290 557 3298 ’
597 3296 629 3393 5.
655 3291 1034 3368 lllDCCCCLXXVl.
1058 3292 1234 3385 Speculum
1256 3315 1410 3367 vocamus
1432 3309 1532 3368 omne
1552 3318 1673 3391 corpus
1693 3294 1872 3392 superficiei
1891 3296 2074 3398 levigata,

548 3395 641 3486 quod
666 3393 806 3487 illapsam
833 3388 939 3459 lucem
965 3390 1112 3461 ordinate
1138 3389 1285 3462 reflesiit.

539 3507 543 3543 ³
598 3516 630 3615 5
655 3511 1053 3587 MDCCCCLXXVll.
1078 3513 1216 3607 Specula
1243 3515 1326 3587 fiunt
1350 3515 1402 3587 vel
1423 3515 1528 3611 planae
1549 3513 1736 3612 superficiei
1774 3538 1824 3588 2⁰.
1848 3518 1899 3589 vel
1926 3517 2064 3612 Sphaeri·

550 3637 626 3700 cae,
660 3634 793 3705 tumque
820 3612 891 3688 sunt
917 3633 1059 3684 concava
1084 3612 1136 3683 vel
1161 3634 1316 3683 convexa.
1371 3618 1422 3703 3⁰.
1449 3612 1636 3701 Cylindrica
1663 3635 1809 3684 convexa
1830 3631 1885 3685 aut
1909 3637 2061 3690 concam.

550 3723 603 3806 4⁰.
629 3711 779 3793 Conica,
806 3728 855 3800 5⁰.
883 3707 1114 3795 Pyramidalia,
1142 3710 1193 3778 60.
1219 3708 1435 3780 Ptismatica:
1470 3710 1545 3778 sieri
1564 3729 1669 3779 autem
1695 3707 1830 3802 possunt
1850 3711 2069 3802 quatumlibet.

550 3807 873 3898 conformationumt
903 3805 1127 3895 concipiemus
1159 3805 1194 3873 in
1223 3804 1431 3894 sequentibus
1466 3804 1593 3897 specula
1617 3805 1776 3896 ejusmodi
1796 3807 1982 3892 merulfica,
2015 3807 2067 3881 vel-

551 3925 626 3994 quae
650 3901 801 3972 anteriori
823 3896 988 3991 strpersicie
1009 3895 1116 3968 lucem
1137 3916 1259 3970 tantum
1283 3903 1522 3992 repercutiunt:
1545 3903 1737 3994 incipiamus
1759 3924 1777 3971 a
1801 3903 1936 3998 speculis
1950 3905 2062 4000 planis.

605 4022 637 4122 5.
662 4018 1141 4097 MDccchxxvl11.‚st
1164 4020 1246 4094 lucis
1264 4021 1370 4092 radius
1394 4020 1467 4094 AC
1490 4025 1524 4094 in
1546 4022 1708 4115 speculum
1730 4021 1905 4110 inciderit,
1928 4021 2065 4122 angulis

556 4121 774 4219 replicationis
797 4117 868 4191 BC
876 4117 931 4204 Ο,
956 4117 1087 4209 aequalis
1111 4117 1232 4215 angulo
1258 4117 1441 4190 incidentiae
1466 4117 1579 4191 ACO
1605 4119 1798 4190 observatur.

480 4223 503 4262 ¹'
603 4244 634 4344 5.
659 4239 1061 4318 MDCCCCLXXIX.
1090 4241 1254 4332 Adeoque
1285 4239 1395 4314 radius
1422 4239 1492 4314 BC
1514 4244 1628 4314 eidem
1655 4243 1727 4312 via
1751 4246 1872 4338 punsia
1892 4243 2075 4337 replicante·

553 4344 723 4425 Ctedit,
749 4363 787 4411 ac
811 4339 976 4412 inciderat.
1027 4336 1147 4408 Motus
1176 4340 1264 4408 enim
1293 4337 1378 4408 radii
1400 4340 1573 4412 incidentis
1603 4338 1675 4412 ΑΟ
1704 4339 1877 4412 resolvatur
1906 4343 1942 4410 in
1970 4336 2068 4424 AO,

554 4440 652 4524 cO,
675 4459 750 4509 cunt
767 4454 877 4506 motus
894 4435 981 4521 AO,
1003 4432 1172 4527 parallelus
1191 4433 1341 4527 speculo,
1366 4437 1491 4529 integer
1508 4458 1654 4519 manea,
1680 4439 1739 4507 erit
1755 4436 1825 4508 OB
1841 4455 1881 4491 =
1897 4433 1995 4521 AO,
2021 4456 2071 4506 m·

555 4537 627 4605 dius
654 4556 732 4605 vero
754 4534 854 4624 impin
879 4532 940 4602 ‘tur
963 4536 997 4601 in
1022 4530 1079 4613 C,
1104 4550 1198 4602 motu
1222 4529 1319 4616 OC,
1342 4534 1399 4622 qui
1422 4533 1444 4600 si
1467 4553 1533 4603 non
1556 4531 1770 4624 permansisset
1793 4537 1827 4605 in
1850 4531 1977 4619 reditu,
2004 4553 2073 4605 non

554 4628 641 4703 foret
665 4626 795 4699 CO:
811 4553 887 4702 Cg
929 4626 1078 4717 adeoque
1095 4648 1166 4702 turn
1188 4648 1256 4700 non
1278 4627 1358 4700 esset
1378 4628 1516 4725 angulus
1536 4628 1651 4702 BCO
1665 4646 1707 4685 =
1720 4629 1794 4704 AC
1804 4629 1859 4717 0,
1884 4629 1941 4702 sed
1964 4649 2074 4798 aqist-

2028 4743 2087 4798 [δί

626 4850 690 4926 (a)
711 4848 820 4910 Plinius
841 4850 870 4910 in
892 4851 965 4911 iiiii.
985 4865 1045 4914 nat.
1067 4851 1133 4919 liu.
1156 4865 1210 4928 aa.
1225 4868 1290 4929 cap.
1311 4867 1351 4914 tx.
1372 4850 1398 4932 s.
1417 4867 1466 4930 45·

631 4929 695 5018 (l),
709 4927 802 4994 Sutith
819 4929 926 5010 optus
945 4930 972 5006 5.
996 4938 1064 5009 781.
