4992 6767
538 666 637 768 ‚su
755 618 1853 782 ‘ommstsortsanuuts

536 799 703 940 Tantum
728 859 982 954 quia-speiiator
1003 847 1176 922 lateraliter
1202 841 1237 918 &
1264 840 1398 931 oblique
1422 835 1549 929 inspicit
1572 836 1681 910 radios
1708 836 1795 914 Solis
1819 843 1853 912 in
1878 861 2029 920 montem
2050 849 2087 922 a.

556 962 688 1056 lapsos,
713 981 799 1032 trans
820 979 904 1052 quos
924 949 1155 1022 adscendentes
1175 961 1313 1036 vapores
1335 931 1560 1050 facilevideri.
1577 933 1731 1028 possunt,
1757 937 1858 1010 veluti
1885 941 2087 1034 puluisculos

553 1061 593 1134 'in
608 1061 703 1146 a'e‘re,
722 1057 883 1149 radiisque
905 1047 989 1122 Solis
1015 1065 1178 1127 natantes,
1203 1041 1335 1110 alatere
1359 1053 1533 1106 cemrmus.
1967 1055 1972 1060 ·

541 1231 561 1280 ,·
608 1199 641 1297 5.
669 1185 1021 1268 lllb'lCCCXXVlll.
1046 1180 1188 1254 Nebula
1212 1179 1372 1249 diuturnae
1399 1176 1592 1269 plerumque
1614 1181 1737 1250 noc'eut
1759 1179 1906 1270 plantis,
1936 1161 2093 1263 edietum}

560 1315 752 1376 mucorem,
781 1286 816 1360 os
844 1282 1081 1378 putrefaciunt,
1107 1280 1181 1367 quia
1205 1279 1238 1347 in
1263 1274 1381 1346 nebula
1406 1275 1544 1346 volitant
1571 1274 1701 1348 Semina
1724 1278 1907 1352 tenuillima·
1919 1290 2085 1371 mucoris,

562 1419 634 1490 quae
656 1396 689 1464 in
711 1389 819 1481 planta
837 1385 988 1470 ivapore
1002 1377 1185 1447 hunrcflata
1198 1374 1355 1444 idoneum
1370 1372 1560 1444 alimentum
1577 1375 1766 1459 inueniunt,
1792 1398 1834 1447 ex
1857 1379 1976 1470 quibus
1998 1403 2083 1455 cres.

551 1513 658 1564 cunt:
683 1486 801 1556 nimius
826 1480 922 1548 etiam
944 1475 1063 1545 humor
1087 1494 1106 1541 a
1130 1471 1249 1542 nebula
1279 1469 1432 1542 adueilus
1456 1469 1600 1562 plantam
1622 1471 1801 1546 universam
1826 1475 2002 1552 admodum
2033 1501 2085 1552 rc·

560 1589 664 1672 brat,
690 1599 748 1668 ut,
772 1573 936 1648 canalibus
956 1575 998 1645 ab
1018 1571 1174 1648 dmuento
1193 1567 1321 1654 finitis,
1345 1565 1507 1659 putrescet
1530 1567 1649 1658 planta

1181 1787 1247 1873 De
1274 1789 1471 1873 Nubibus·-

608 2037 640 2138 ᾗ.
665 2022 987 2108 MMCCCXXIX.
1023 2019 1140 2100 Nubes
1164 2019 1210 2092 est
1233 2039 1355 2093 tanturn
1373 2020 1512 2108 nebulo,
1538 2019 1633 2093 sed'e
1692 2017 1733 2094 lli
1750 2024 1783 2094 in
1801 2021 1958 2109 sublime,
1985 2017 2084 2096 &ai-

551 2139 623 2212 'tius
642 2137 734 2227 supra
757 2131 891 2200 Terram
908 2127 941 2193 in
960 2126 1035 2194 aire·
1050 2117 1211 2210 suspensa:
1236 2120 1361 2190 idcirco
1379 2119 1499 2191 nebula
1515 2117 1630 2190 adscen
1693 2121 1761 2190 sin
1780 2115 2010 2210 ¹'nubemuersa
2039 2125 2084 2193 vi·

552 2237 675 2306 detur:
707 2225 832 2298 constat
856 2221 890 2290 id
909 2215 1065 2309 liquido,
1097 2215 1118 2284 fr
1145 2215 1348 2286 attendamus
1373 2215 1420 2284 ad.
1441 2213 1644 2286 incensorum
1665 2235 1866 2306 quorumque
1894 2237 2082 2306 corporum

557 2329 730 2422 largiorem
747 2319 896 2402 sumum,
921 2316 1025 2406 qualis
1049 2335 1089 2384 ex
1111 2313 1248 2384 caminis
1272 2311 1572 2395 cerevisratiorum,
1590 2307 1810 2395 vitradorum,
1830 2307 1997 2381 fabrorum
2014 2312 2081 2384 ser.-

559 2429 742 2505 rutiorum,
769 2417 944 2488 tindiorurn
961 2412 1078 2506 surgit,
1104 2431 1160 2480 aut
1186 2409 1320 2499 quando
1342 2407 1473 2480 coliculi
1488 2407 1637 2504 sn'gopyri
1652 2404 1784 2489 ardent,
1809 2425 1869 2476 aut.
1887 2405 1991 2480 multa
2016 2429 2086 2481 tote

553 2539 666 2596 menta
682 2516 797 2590 bellica
813 2509 1056 2602 exploduntur;
1082 2509 1125 2577 ab
1140 2507 1295 2577 omnibus
1312 2508 1399 2577 enim
1420 2506 1512 2578 hisce
1529 2503 1626 2576 fumis
1642 2503 1746 2576 nubes
1762 2501 1953 2577 formantur.

607 2651 659 2702 2⁰.
684 2624 862 2722 Quotquot
882 2621 1084 2691 itineratores
1107 2619 1148 2687 in.
1164 2619 1297 2702 nubes,
1323 2618 1487 2690 montibus
1508 2614 1724 2702 iuhaerentes,
1748 2613 2006 2702 adscenderunt,
2030 2639 2081 2691 eas

557 2747 682 2802 tantum
705 2721 839 2795 nebulas
865 2717 929 2788 elle
948 2716 1176 2799 observarunt,
1201 2714 1300 2786 veluti
1321 2715 1361 2786 id¹
1382 2712 1534 2801 Cabeus,
1559 2711 1762 2798 Ftelichius,
1787 2711 1969 2800 sturmius,
2005 2713 2080 2787 Ma·

556 2829 695 2904 riottus,
720 2815 907 2899 Dechales,
932 2811 1100 2901 Lampus,
1123 2809 1326 2898 Frezierius,
1352 2809 1603 2902 Peylfonellius,
1629 2809 1834 2908 Bougtuerius
1849 2810 1972 2884 oculati
1989 2812 2080 2886 telles

556 2918 787 3015 prodiderunt:
813 2931 1035 2999 necunquam
1054 2929 1108 2978 eas
1125 2927 1166 2976 ex
1190 2911 1284 3001 niue,
1310 2908 1437 3004 glacie,
1462 2909 1514 2980 uel
1530 2907 1619 2980 mole
1631 2905 1723 2979 firma
1736 2905 1910 2980 constitisse
1929 2931 2080 3004 compes

558 3040 628 3092 turn
644 3015 727 3085 fulta.
745 3027 933 3102 quanquam
946 3007 1077 3096 uaporis
1091 3004 1255 3096 particulae
1271 3005 1448 3079 admodum
1464 3001 1632 3080 tenues&
1656 3004 1784 3078 secretae
1806 3027 1883 3078 cum
1907 3009 2020 3099 paucis
2042 3030 2078 3079 a·

554 3109 632 3198 bis,
657 3133 724 3203 prae
747 3107 889 3201 frigore,
914 3103 1005 3194 quod
1026 3101 1151 3192 semper
1166 3105 1200 3173 in
1215 3101 1342 3174 sublimi
1358 3103 1512 3190 asreest,
1537 3107 1572 3176 in
1597 3102 1738 3196 speciem
1759 3101 1876 3200 glaciei
1890 3106 2079 3180 concresce

560 3227 595 3282 re
620 3206 769 3299 possunt,
790 3220 897 3271 tamen
923 3198 1051 3269 nebul'ae
1073 3196 1212 3268 somnam
1240 3221 1309 3271 non
1334 3203 1509 3283 amittunt,
1542 3198 1618 3271 ideo
1650 3201 1683 3270 in
1714 3201 1753 3270 iis
1779 3199 1977 3273 admirandas
2008 3203 2078 3296 spe.-

559 3308 627 3377 cies
652 3300 745 3373 Iridis
769 3297 950 3389 spectavere
977 3297 1012 3365 ln
1036 3313 1148 3366 monte
1174 3293 1329 3369 Pichinca
1354 3295 1594 3390 praestantissimi
1614 3294 1816 3370 Geometrae.
1843 3299 1911 3394 (a)
2082 3295 2085 3299 ’

553 3395 559 3410 ’
614 3435 665 3506 3⁰·
690 3407 759 3505 Qui
783 3409 818 3479 in
842 3407 966 3479 vertice
988 3402 1104 3476 excelli
1128 3408 1251 3478 montis
1275 3405 1355 3478 infra
1377 3408 1408 3479 se
1429 3409 1549 3502 spedas
1563 3409 1689 3494 nubes,
1713 3431 1769 3482 eas
1784 3407 1872 3484 iuuat
1890 3409 1993 3482 acerui
2014 3430 2073 3481 co·

562 3513 674 3596 tonei,
699 3503 900 3598 inequalitas
920 3501 1115 3575 accumulati
1139 3503 1252 3588 videt,
1275 3503 1473 3576 descendens
1494 3507 1676 3597 innubes,
1701 3526 1827 3580 tanum
1856 3506 2006 3582 nebulam
2030 3505 2079 3579 of·

560 3608 675 3688 studit.

553 3709 563 3724 '
614 3723 670 3806 4⁰.
696 3711 816 3807 Figura
839 3710 976 3781 nubium
1002 3711 1169 3800 perpetuis
1193 3710 1425 3786 mutationibus
1447 3714 1494 3787 est
1513 3716 1679 3803 obnoxia,
1704 3713 1804 3808 quod'
1820 3738 1890 3789 non
1908 3715 1968 3789 niu
1985 3716 2080 3787 tario

564 3815 653 3886 ribus
677 3809 851 3890 exhalatis,
875 3807 1068 3898 corporibus
1089 3808 1230 3898 partium
1253 3808 1472 3900 secretarum,
1504 3836 1572 3887 non
1597 3813 1695 3888 timis
1719 3817 1953 3907 concretisque
1981 3813 2080 3888 maffia

564 3925 755 3998 competere
779 3903 898 3997 poteil.

538 4113 541 4118 Ι
618 4038 669 4110 5⁰.
695 4015 836 4087 simulac
856 4014 961 4089 nubes
982 4017 1016 4088 in
1037 4012 1150 4088 massas
1173 4017 1279 4094 sirmas
1295 4021 1550 4113 concrevissent,
1574 4029 1756 4123 gmvitatetn
1775 4022 1961 4116 specificam
1978 4020 2082 4095 multo

560 4117 722 4210 majorem
745 4113 810 4198 ei,
836 4135 910 4206 quae
933 4111 979 4184 est
1005 4115 1039 4184 in
1059 4115 1153 4199 aete,
1178 4120 1435 4210 acquifiville'nt:
1466 4123 1616 4215 adeoque
1639 4125 1778 4216 abmpto
1799 4121 1949 4214 pondere
1971 4117 2082 4214 pressae

567 4215 655 4296 illico
675 4212 848 4296 caderent,
873 4211 930 4281 nifr
955 4210 995 4279 ab
1020 4213 1289 4304 impetuofrsslmis
1316 4218 1492 4293 sustentatae
1517 4221 1619 4292 uentis
1643 4237 1934 4312 promoverentur:
1961 4221 2085 4306 quietae

560 4309 882 4413 pernici-velocitate
905 4306 1055 4381 deorsum
1073 4331 1221 4398 ruerent,
1248 4314 1340 4404 quod
1361 4337 1429 4389 non
1452 4319 1642 4415 contingere
1669 4320 1704 4391 in
1728 4313 1884 4402 subm,
1909 4333 1984 4404 quae
2008 4311 2087 4384 soli·
2155 4340 2157 4344 ·

563 4407 697 4487 diffimae
720 4403 790 4476 else
804 4404 979 4488 uidentur,
998 4408 1185 4497 quotidiana
1207 4412 1416 4500 experientia·
1430 4415 1571 4487 testatum

614 4525 647 4619 §-
671 4523 974 4600 MMCCCXXX.
1000 4527 1117 4604 Nubes
1133 4552 1240 4606 tamen
1259 4540 1430 4630 opaciores
1445 4539 1572 4612 nebulis
1585 4557 1764 4633 apparent,
1787 4535 1995 4614 candidiores
2019 4533 2088 4627 pl'e·

567 4641 727 4713 fflm‘lue's
752 4646 822 4697 ¹¹0ss
846 4624 935 4698 secus
954 4647 1051 4718 quam
1072 4630 1199 4706 limera
1212 4635 1289 4722 nix,
1314 4635 1366 4710 vel
1383 4659 1520 4734 corpora
1541 4637 1612 4712 alba
1629 4637 1727 4711 solida
1743 4633 1884 4711 firiss‘ent.
1935 4633 2020 4709 Hac
2034 4654 2088 4726 ap·

2032 4750 2085 4820 ΨΙι

601 4910 665 4996 Co)
683 4917 825 4998 bouquet
841 4921 964 5004 voyage
986 4942 1021 4986 au
1042 4925 1224 5008 Petoupag.
1246 4939 1347 4998 aaut..
