4992 6767
547 633 627 716 820
867 610 1737 706 CATOPTRICA.

549 823 616 895 lico
643 817 775 912 speculo
805 815 904 907 plano
921 811 1025 898 KK,
1059 815 1093 884 in
1115 830 1206 893 axe,
1240 806 1275 880 dt
1302 809 1336 878 in
1361 805 1482 903 angulo
1506 802 1680 878 semiredto
1711 808 1849 899 pofito,
1883 832 1904 882 a
1929 836 1999 908 quo
2022 844 2074 894 ιε.

547 922 708 1014 plicantur
733 915 774 985 ad
795 912 941 984 foramen
964 907 1091 980 laterale
1115 904 1205 990 LL,
1231 906 1347 995 piduri
1362 908 1536 998 imaginem
1553 907 1585 974 in
1602 904 1674 999 qs,
1703 928 1776 994 quae
1801 909 1936 997 quidem
1963 921 2073 992 minus

549 1018 634 1088 clara
654 1013 788 1093 evadit,
822 1006 954 1099 speculo
984 1005 1082 1097 plano
1111 1003 1287 1075 nonnullos
1315 1004 1537 1091 intercipiente
1570 1003 1706 1086 radios,
1738 1005 1795 1093 qui
1820 1015 2010 1102 ceteroquin
2039 1021 2074 1089 in

549 1113 715 1206 speculum
743 1105 821 1178 Gll
851 1123 1030 1175 concavum
1065 1098 1269 1172 incidillent:
1310 1119 1450 1169 attamen
1482 1096 1622 1188 superest
1659 1121 1777 1196 magna
1811 1102 1960 1194 claritas,
1993 1116 2075 1202 quia

548 1231 697 1378 aaa
718 1207 803 1382 a,
816 1198 890 1369 tt
1082 1219 1126 1363 n
1147 1191 2074 1383 ararattarenta-,tntantan

549 1403 628 1502 Sq:
662 1397 749 1470 Lebs
773 1397 870 1491 igitur
893 1388 922 1459 L
945 1389 1052 1460 radios
1075 1391 1116 1457 ab
1141 1390 1289 1483 imaginis
1314 1389 1365 1486 Sq
1387 1389 1536 1478 quolibet
1557 1393 1683 1479 pundo
1707 1395 1874 1466 venientes
1899 1394 2074 1495 refringit,

549 1518 586 1571 ut
608 1504 639 1570 in
660 1491 749 1566 exitu
772 1492 831 1561 fint
854 1485 1028 1579 paralleli,
1061 1481 1096 1556 ἃ
1119 1487 1174 1576 qui
1199 1485 1241 1554 ab
1276 1486 1529 1556 extremitatibus
1563 1487 1585 1556 S
1593 1513 1615 1582 q
1646 1490 1809 1574 veniunt,
1842 1490 1971 1565 refradbi
1993 1519 2076 1568 con·

550 1611 712 1689 vergant,
748 1584 783 1657 ἃ
816 1584 958 1657 forment
990 1582 1146 1679 angulum
1180 1585 1328 1673 opticum
1361 1584 1395 1652 in
1421 1580 1484 1667 Ο,
1516 1583 1574 1653 ubi
1607 1585 1728 1673 politus
1762 1585 1877 1658 oculus
1901 1595 2078 1688 imaginem

552 1690 629 1787 Sq,
662 1706 817 1777 tanquam
847 1680 1011 1772 objeoum
1043 1701 1104 1771 per
1126 1677 1267 1748 Lentem
1301 1675 1579 1770 Mictoscopicam
1605 1679 1636 1749 L
1660 1683 1928 1774 contemplatum
1959 1711 2076 1779 quam·

476 1852 490 1864 .
551 1792 666 1860 obrem
691 1784 855 1876 objectum
876 1777 1134 1869 amplificatum,
1159 1774 1342 1862 inversum,
1367 1774 1597 1862 clatiffimum,
1631 1773 1667 1846 ἃ
1690 1777 1952 1854 dillindbiffimum
1972 1808 2077 1877 appa·

552 1889 665 1957 rebit:
698 1883 777 1973 poni
804 1895 911 1949 autem
944 1873 1074 1964 pollunt
1101 1876 1134 1943 in
1165 1870 1196 1942 L
1234 1871 1338 1942 lentes
1368 1870 1560 1943 diversarum
1592 1873 1851 1967 gibbofitatum,
1893 1902 1966 1969 quae
1997 1903 2079 1972 pro.

552 1986 627 2075 pius
660 1978 872 2051 admovenmr
896 1973 1026 2065 imagini
1047 1971 1123 2064 Sq,
1154 1968 1207 2043 vel
1231 1968 1363 2039 ulterius
1386 1968 1528 2054 distant,
1561 1974 1679 2059 quibus
1702 1971 1865 2063 objedum
1888 1981 1992 2073 magis
2015 1983 2080 2049 mi·

552 2100 654 2151 nusve
677 2071 908 2165 amplificatum
923 2069 1084 2159 cernitur,
1109 2066 1213 2137 modo
1238 2063 1360 2156 speculi
1385 2062 1462 2139 GH
1485 2065 1667 2158 superficies
1688 2066 1798 2162 figure
1808 2069 1955 2159 perfode
1970 2076 2084 2164 sphae·

551 2179 628 2246 ricae
652 2172 759 2242 fuerit.

603 2271 637 2340 Si
658 2269 735 2339 loco
758 2270 853 2337 unius
875 2266 969 2337 lentis
986 2260 1039 2347 L,
1066 2282 1128 2333 ares
1150 2264 1338 2350 capiantur,
1363 2262 1520 2334 ordinata
1545 2265 1592 2331 uti
1615 2265 1648 2330 in
1672 2261 1834 2351 dioptrico
1857 2263 2069 2358 Telescopio

552 2368 626 2440 sunt
647 2386 709 2437 tres
733 2364 836 2435 lentes
858 2364 1034 2451 oculares,
1065 2359 1229 2450 objeelum
1254 2359 1305 2453 Sq
1335 2360 1461 2430 videtur
1484 2362 1656 2441 erestum,
1690 2355 1743 2426 sed
1767 2358 1902 2429 multum
1925 2360 2006 2435 lucis
2033 2373 2076 2440 in

553 2465 684 2536 tranfitu
705 2483 764 2553 per
780 2460 883 2531 lentes
906 2461 1009 2551 perit,
1037 2453 1197 2526 &minus
1220 2455 1365 2525 diiiinela
1388 2456 1434 2524 est
1458 2454 1557 2539 vibo,
1583 2457 1659 2546 quia
1680 2455 1788 2549 imago
1801 2453 1935 2526 secunda
1948 2458 2075 2551 speeta-

559 2582 633 2647 tur,
657 2580 732 2631 cum
756 2562 859 2651 prima
883 2576 1009 2627 tantum
1034 2554 1086 2649 Sq
1108 2574 1174 2643 ope
1191 2550 1288 2621 lentis
1310 2554 1406 2622 unius
1428 2547 1497 2620 LL
1519 2571 1678 2624 cernatur.

421 2687 484 2740 ra,
503 2690 547 2741 ῃ,
605 2660 787 2749 Apparatus
814 2675 992 2733 externus,
1025 2673 1094 2742 quo
1117 2649 1266 2743 dirigitur
1300 2647 1532 2739 Telescopium
1564 2646 1825 2720 Newtonianum
1848 2647 1899 2739 [ad
1925 2654 2084 2745 abjesta,

406 2754 460 2820 ¹it·
478 2769 503 2809 ³·
555 2754 733 2829 admodum
758 2750 953 2821 commodus
976 2747 1029 2817 hic
1052 2747 1108 2816 est.

601 2850 729 2923 Tabula
752 2846 858 2943 lignea
880 2846 925 2917 est
947 2843 1065 2915 SMR
1089 2843 1232 2913 insistens
1257 2846 1359 2919 tribus
1380 2845 1518 2935 pedibus
1536 2842 1681 2930 YYY‚
1714 2843 1846 2916 inferius
1867 2846 1964 2919 assere
1977 2873 2028 2935 a,
2058 2854 2082 2923 b

550 2953 668 3046 jnnois
689 2968 750 3038 pro
775 2944 949 3014 firmitate:
984 2941 1077 3030 supra
1105 2940 1244 3011 tabulam
1273 2942 1318 3009 est
1350 2940 1522 3011 allerculus
1548 2941 1678 3011 mobilis
1709 2944 1743 3010 in
1776 2944 1951 3014 rotundum
1976 2945 2082 3037 TT,

553 3052 631 3120 ideo
665 3049 695 3113 ei
724 3040 867 3109 adnexus
898 3039 944 3107 est
978 3037 1065 3106 stilus
1097 3036 1247 3106 tranfiens
1280 3035 1426 3106 soranren
1451 3038 1587 3107 Tabulae
1613 3039 1762 3108 deorsum
1787 3037 1854 3123 N,
1885 3042 2018 3113 mobilis
2046 3049 2083 3118 in

556 3134 806 3309 iiipllda
819 3133 1371 3321 ‘latialzilriiiiirldi
1392 3134 1584 3319 {iiiiii
1600 3135 1796 3323 ,ξίἓζῖἐὟ
1804 3133 2083 3330 {callidae

556 3332 731 3407 manubrio
756 3325 816 3420 L,
842 3350 916 3398 cum
943 3348 1020 3398 vero
1044 3326 1130 3396 stilus
1153 3325 1189 3397 N
1210 3324 1354 3421 jungitur
1377 3349 1451 3397 curn
1476 3327 1583 3422 regula
1609 3327 1717 3421 NV,
1750 3328 1786 3400 ἀ
1810 3329 1882 3402 haec
1906 3333 2002 3404 infixa
2028 3338 2079 3408 est

557 3427 713 3502 alletculo
736 3422 833 3513 TT,
860 3427 980 3516 poterit
1002 3446 1020 3493 a
1041 3425 1211 3495 manubrio
1236 3420 1266 3491 L
1290 3421 1461 3494 allerculus
1485 3428 1519 3494 in
1546 3424 1645 3513 plano
1671 3426 1825 3515 parallelo
1849 3429 1891 3498 ad
1916 3428 2080 3504 Tabulam

555 3528 627 3696 ii
636 3543 740 3693 iil
764 3522 1090 3690 lldliildioililo
1103 3519 1325 3687 ‘didimia
1347 3520 1922 3694 ilidiflalii‘il‘ll
1950 3526 2081 3696 ‘'id''

555 3719 660 3794 fundo
683 3644 797 3787 infiget
817 3715 983 3806 speculum
1006 3714 1202 3784 metallicum
1225 3712 1383 3804 sphaerico
1407 3736 1585 3786 concavum
1613 3713 1691 3785 GH
1708 3641 1891 3808 ,papermra
1916 3649 2083 3797 cl’audiggrs

557 3814 717 3909 operculo
740 3812 782 3884 C.
832 3812 890 3882 Est
915 3815 948 3881 in
973 3811 1132 3881 dlamina
1155 3831 1231 3881 cum
1256 3811 1389 3882 brachio
1415 3815 1502 3881 tenui
1527 3815 1707 3896 eminente,
1736 3818 1788 3885 cui
1815 3816 1980 3905 speculum
2010 3840 2082 3890 me·

557 3911 701 3985 tallicunr
727 3909 858 4002 planum
881 3908 1042 3978 adnexum
1065 3906 1138 3993 est;
1166 3927 1358 3999 tenemrque
1382 3907 1474 3979 tinne
1495 3908 1536 3977 ad
1562 3911 1675 3980 tubum
1703 3911 1773 3983 AB
1797 3934 1860 4003 ope
1883 3914 2083 3989 laminarum

559 4011 695 4082 duanam
709 4007 878 4078 mobilium
891 4004 953 4101 ff.
970 4005 1065 4075 estin
1086 4004 1203 4074 lamina
1223 4007 1249 4076 d
1268 4005 1436 4096 foramen,
1462 4009 1516 4075 cui
1538 4006 1683 4078 inseritur
1709 4007 1988 4100 Microscopium,
2013 4033 2083 4103 per

559 4107 649 4200 quod
670 4104 785 4176 oculus
809 4104 935 4195 objecla
959 4121 1079 4174 cernet.
1131 4100 1268 4171 Lamina
1289 4099 1324 4170 D
1349 4101 1479 4173 mobilis
1502 4103 1609 4192 potest
1634 4109 1756 4176 moueri
1781 4104 1954 4178 antrorsum
1972 4102 2009 4177 δι
2024 4130 2085 4181 re·

558 4203 725 4291 ttorsum,
757 4223 823 4294 ope
848 4200 994 4272 cochleae
1012 4225 1067 4297 g,
1098 4220 1165 4289 quo
1190 4201 1287 4289 padio
1310 4198 1473 4288 speculum
1502 4198 1634 4290 planum
1669 4201 1859 4275 admovetur
1880 4205 1922 4274 ad
1945 4205 2083 4296 spheri-

561 4323 636 4371 cum
664 4298 761 4383 GH,
785 4298 836 4368 vel
863 4317 1071 4380 removetur,
1097 4315 1133 4366 ut
1155 4298 1266 4390 imago
1296 4294 1415 4386 objedi
1435 4295 1529 4366 cadat
1553 4299 1585 4368 in
1611 4297 1689 4369 foco
1714 4297 1829 4372 Lentis
1853 4300 2084 4393 llllicroscopi·

561 4417 627 4468 cae:
651 4415 688 4467 ut
711 4414 818 4465 autem
843 4394 939 4464 tubus
960 4394 1121 4489 dirigatur
1142 4391 1184 4460 ad
1209 4389 1336 4481 objedla
1359 4392 1509 4485 excelsa,
1536 4394 1683 4466 inferiori
1702 4400 1785 4487 parti
1809 4397 1855 4488 est
1879 4397 1990 4470 affixus
2015 4421 2082 4473 un·

562 4512 621 4563 cus
644 4493 701 4576 F,
735 4494 788 4560 cui
811 4488 901 4560 filum
924 4490 1134 4572 adhaerescit,
1173 4487 1325 4561 tranfieos
1347 4489 1523 4561 trochleam
1553 4490 1616 4587 Q,
1648 4489 1682 4563 δι
1716 4493 1836 4566 vadens
1860 4496 1901 4567 ad
1925 4495 1988 4579 K,
2022 4499 2084 4572 ubi

561 4587 726 4674 cylindrus
749 4587 794 4655 est
818 4587 966 4660 versatilis
990 4611 1008 4658 a
1032 4586 1202 4657 manubrio
1226 4606 1363 4659 externo
1388 4586 1452 4672 K·,
1479 4584 1549 4659 sunt
1574 4611 1706 4679 quoque
1730 4590 1799 4660 duo
1823 4592 1940 4663 axiculi
1965 4597 1999 4664 in
2028 4615 2083 4666 tu·

414 4701 416 4706 ⁴
562 4682 636 4766 bo,
670 4684 882 4776 ingredientes
904 4686 1009 4759 sulcos
1029 4688 1063 4755 in
1085 4681 1147 4765 Ε,
1179 4686 1264 4753 circa
1287 4706 1371 4774 quos
1394 4685 1472 4754 dum
1506 4688 1602 4755 mbus
1627 4690 1759 4757 vertitur
1782 4710 1800 4757 a
1825 4692 1999 4761 manubrio
2027 4691 2080 4779 K,

555 4779 605 4849 ad
626 4776 828 4851 necellariam
855 4783 1055 4853 altitudinem
1080 4781 1229 4862 tollitur,
1256 4777 1350 4849 &ab
1378 4779 1405 4849 L
1431 4780 1472 4849 ad
1496 4781 1658 4872 objedum
1692 4784 1875 4879 dirigetur:
1914 4790 1991 4876 quia
2025 4810 2082 4859 au·

561 4893 628 4952 tem
641 4874 809 4956 difficulter
827 4879 986 4981 detegitur
1001 4876 1120 4949 laterali
1136 4875 1337 4968 inspectione
1354 4876 1537 4971 objectum,
1564 4882 1644 4956 tubo
1659 4880 1705 4958 est
1718 4882 1904 4975 impolitum
1919 4882 2085 5052 Teleslco-

1993 5002 2095 5080 pum
