4992 6767
815 663 1434 765 nn-ronn·
1799 633 1888 802 35,

350 895 357 938 :
405 869 449 979 §j
463 864 704 956 mucxntv.
730 865 817 939 Allae
840 882 920 934 vero
941 880 1046 954 panes
1070 863 1180 954 pabuli
1205 868 1370 941 cmliores
1395 895 1436 944 ex
1460 876 1556 948 malla
1581 881 1627 952 ab
1649 884 1724 968 igne
1742 886 1880 970 avulsae,

347 984 406 1052 an
428 997 566 1069 aqueae,
593 971 727 1049 salina,
753 961 872 1036 oleosae
890 960 1118 1053 ,terrestrem
1150 981 1226 1032 cum
1250 967 1335 1061 ignis
1359 973 1476 1067 exigua
1504 977 1600 1068 copia
1625 979 1882 1055 adhaerescentis

359 1074 536 1167 conjunstae
561 1068 596 1142 δι
618 1063 811 1147 avolantes,
843 1077 1076 1129 convertuntur
1100 1061 1133 1129 in
1155 1057 1325 1148 liuidum,
1359 1067 1526 1158 senlibile,
1559 1075 1752 1162 elaiii'cum,
1786 1079 1878 1167 quod

354 1175 492 1248 Mum
512 1179 689 1242 vocamuae
716 1156 781 1234 Hic
801 1155 965 1229 colenus·
982 1153 1040 1228 sub
1063 1155 1168 1226 forma
1185 1158 1294 1229 mollis
1318 1184 1461 1258 raraeque
1486 1169 1647 1265 saliginis,
1672 1176 1741 1270 igni
1765 1173 1883 1245 denuo·

352 1269 518 1362 laium,
540 1287 619 1338 eum
642 1263 728 1335 alere
752 1253 888 1350 potest,
923 1273 1081 1346 quatenus
1107 1253 1186 1324 oleo
1210 1257 1362 1347 constat,
1387 1263 1465 1336 dum
1490 1266 1556 1359 ipse
1580 1272 1707 1344 interim
1731 1292 1877 1344 attenua·

354 1383 429 1451 eur,
455 1363 548 1459 quod
571 1363 594 1435 fi
616 1359 720 1455 fuligo
742 1354 827 1430 oleo¹
846 1353 980 1423 orbetur
1002 1353 1154 1424 coeiioue
1178 1353 1212 1423 ln
1236 1353 1356 1445 Spiritu
1380 1357 1477 1448 Vini,
1503 1365 1681 1441 terrestrem
1707 1371 1873 1443 materiata

351 1463 530 1557 relinquit,
549 1482 617 1533 non
640 1451 779 1554 amplius
804 1455 837 1522 in
861 1454 939 1545 igne
961 1449 1147 1534 ardentem,
1170 1445 1205 1520 dt
1229 1453 1264 1524 in
1285 1454 1381 1526 nullo
1404 1461 1569 1534 menstruo
1593 1463 1791 1540 solvendam.

394 1589 438 1691 ,5.
464 1583 782 1668 ΜυοΧιν.·8εά
800 1581 851 1654 he
871 1576 996 1650 eedem
1018 1597 1125 1669 partes
1143 1577 1209 1669 jam
1231 1577 1413 1668 fumantes,
1437 1583 1734 1681 adscendentesque
1757 1595 1791 1663 in
1808 1615 1876 1666 nra·

353 1688 417 1782 iori
443 1692 561 1782 copia,
581 1683 618 1760 dt
640 1704 717 1756 cum
744 1680 829 1773 pluri
849 1678 926 1771 igne
947 1674 1152 1767 conjundiae,
1177 1676 1355 1750 admodum
1381 1679 1565 1767 rarefauae,
1589 1686 1759 1773 volatiles,
1779 1696 1875 1766 varie

355 1787 611 1884 magnitudinis,
632 1781 856 1872 ¹reliquumque
870 1770 999 1843 mallem
1016 1773 1257 1863 relinquentes,
1280 1778 1477 1863 candentes,
1500 1782 1699 1855 constituunt
1713 1784 1769 1870 id,
1785 1789 1877 1879 quod

352 1883 539 1960 Funestam
565 1899 732 1955 vocamus.
797 1872 836 1946 ln
864 1891 931 1962 qua
963 1889 1071 1961 partes
1100 1870 1267 1942 nonnullae
1298 1871 1460 1948 craiirores
1491 1878 1692 1952 constimunt
1725 1882 1880 1958 Fauillae.

346 1976 414 2058 iia
434 1975 574 2074 proinde
595 1971 881 2075 Fumusflommae
902 1969 1097 2059 proximus,
1123 1962 1157 2036 &
1181 1972 1215 2038 in
1239 1966 1402 2042 flammam
1426 1971 1521 2044 facile
1545 1977 1745 2064 vertendus,
1770 1983 1880 2058 modo
1945 2015 1950 2030 ·

344 2076 427 2169 olus
447 2081 531 2175 ignis
550 2074 709 2148 accedat:
740 2069 816 2142 binc
836 2087 934 2161 parva
955 2064 1079 2136 incenli
1097 2062 1239 2155 elychnii
1272 2064 1401 2140 flamma
1426 2071 1592 2165 ingentem
1617 2073 1659 2146 de
1683 2097 1802 2174 apervo
1823 2077 1876 2150 fu·

348 2189 441 2252 wan
462 2174 683 2250 incendimus:
709 2166 885 2242 sirenum
906 2159 1085 2253 in·Spirinr
1108 2160 1235 2233 Vitrioli
1261 2161 1420 2248 solvatur,
1442 2169 1535 2239 multi
1559 2172 1593 2240 in
1617 2170 1721 2250 altum
1742 2174 1879 2254 adscen-

349 2271 603 2364 dunevaporer,
624 2267 752 2339 fumum
769 2262 978 2345 aemulantes,
1005 2258 1095 2350 quii
1114 2257 1244 2328 flamma
1261 2261 1405 2332 candelae
1421 2263 1571 2344 admota,
1599 2266 1671 2358 plus
1688 2269 1878 2360 calescunt,
2020 2285 2023 2290 '
2068 2264 2080 2285 ’

346 2363 384 2444 ἃ
406 2391 482 2444 eum
500 2371 628 2459 crepitu
651 2363 916 2435 inflammantur:
942 2355 1103 2424 Praeterea
1133 2377 1197 2445 pro
1216 2353 1398 2430 differentia
1412 2364 1550 2449 partitun
1560 2361 1647 2434 ¹fumi
1658 2365 1766 2439 differt
1782 2368 1877 2440 llam-

350 2487 413 2544 ω’
429 2464 550 2632 nit
574 2451 1008 2626 Nnirnninu
1038 2545 1346 2622 n
1371 2551 1540 2628 r
1674 2461 1878 2635 nn

342 2583 507 2738 &mul
541 2579 652 2723 mTallci
669 2647 841 2730 flavescit,
865 2642 1065 2733 Campborae
1088 2644 1232 2714 albescit.
1541 2579 1648 2629 amma
1756 2583 1780 2654 p
1804 2655 1815 2732 j
1835 2585 1873 2722 {e

366 2817 371 2829 .
400 2752 570 2865 &nantem
588 2745 758 2838 corporis,
781 2739 872 2833 quod
896 2740 963 2834 igni
988 2736 1034 2808 est
1050 2738 1226 2853 injeiium,
1253 2760 1358 2832 partes
1383 2765 1481 2859 non,
1506 2771 1562 2862 aut
1585 2753 1659 2836 vix,
1684 2775 1739 2825 aut
1762 2735 1881 2862 exig‘u'e

349 2842 752 3038 iiiiiiiiiin
769 2831 1883 3036 litii„lilani‘iiiiililiiiiiiiii:

350 3062 419 3114 tum
440 3033 596 3131 maior&
620 3032 759 3106 caerulea
780 3031 826 3100 est
849 3027 1000 3101 flamma:
1027 3030 1110 3123 ignis
1131 3049 1238 3099 autem
1266 3031 1361 3101 unius
1390 3034 1560 3124 carbonis,
1586 3037 1751 3112 desinente
1777 3039 1882 3129 flatu,

426 3139 435 3157 '
521 3134 705 3214 emorimr,
740 3129 815 3220 quia
848 3129 976 3222 nigrum
1011 3123 1211 3214 densumque
1239 3126 1392 3198 carbonis
1428 3130 1539 3203 oleum
1564 3155 1583 3202 a
1608 3133 1678 3205 solo
1712 3135 1778 3207 boc
1801 3140 1883 3234 igne

349 3255 418 3308 non
444 3232 481 3305 fit
502 3228 643 3303 volatile.
693 3225 741 3297 lta
765 3222 912 3320 lignum,
943 3222 1033 3311 quod
1054 3225 1198 3311 epotavit
1224 3221 1356 3293 alumen
1380 3226 1414 3296 in
1438 3247 1525 3316 aque
1541 3228 1710 3318 lolutum,
1734 3233 1802 3328 igni
1826 3239 1881 3308 in·

348 3331 469 3427 iestam
497 3327 663 3402 flammam
682 3345 751 3396 non
778 3323 893 3413 capit,
923 3314 1001 3388 licet
1027 3318 1183 3389 diuturno
1208 3320 1276 3413 igni
1301 3319 1511 3393 consumatur
1535 3325 1627 3421 (a).
1675 3327 1774 3400 Lariit
1793 3352 1879 3423 qun·

344 3435 417 3522 'que
439 3430 472 3500 in
496 3429 566 3518 ripa
586 3419 667 3495 Padi
688 3437 859 3502 crescens,
883 3436 946 3487 nec
966 3415 1078 3502 ardet,
1101 3436 1165 3486 nec
1178 3418 1355 3488 carbonem
1381 3416 1475 3508 iacit,
1501 3444 1564 3497 nee
1587 3423 1653 3496 alio
1675 3425 1778 3499 modo
1791 3429 1882 3527 ignis

350 3525 626 3604 viconlunritur,
652 3539 750 3610 quam
773 3513 902 3604 lapides
928 3511 1017 3603 (i).

386 3649 441 3750 i.
474 3641 717 3720 MDCXLVI.
750 3639 906 3713 Ambitur
928 3657 1134 3730 quaecunque
1151 3633 1281 3710 flamma
1300 3639 1346 3709 ab
1367 3639 1624 3734 Atmosphaera,
1656 3619 1747 3740 cujus
1770 3672 1881 3742 partes

351 3745 551 3845 potiffimum
573 3741 645 3813 sunt
659 3758 801 3859 Ιἥψω,
825 3739 869 3851 vi·
880 3736 963 3832 ignis
978 3755 1018 3807 ea
1033 3735 1144 3808 medio
1168 3735 1209 3806 ad
1223 3735 1381 3808 ambitum
1401 3743 1512 3822 ,toturn
1532 3741 1720 3846 propulsae,
1747 3743 1782 3817 δι
1799 3770 1880 3839 ςυε,

349 3829 1881 4034 deliniendiiiiiiinsiinmiliffiiliitliiinizn

349 4042 457 4114 minus
479 4055 573 4124 aquae
595 4028 718 4123 pabulo
736 4023 841 4100 inest:
871 4025 948 4096 ideo
976 4026 1087 4098 oleum
1118 4026 1277 4097 vetustum
1309 4025 1361 4097 vel
1393 4027 1450 4098 diu
1475 4034 1606 4104 cociam
1630 4035 1738 4107 multo
1764 4042 1879 4111 minus

351 4136 474 4210 alendae
491 4130 635 4204 flammae
648 4125 694 4197 est
710 4124 888 4209 idoneum,
913 4144 1012 4213 quam
1038 4143 1152 4195 recens
1179 4142 1274 4212 aquae
1299 4120 1455 4212 plenum:
1477 4127 1577 4206 carbo
1601 4130 1682 4224 ligni
1707 4136 1800 4229 niger
1824 4135 1874 4207 ob

350 4232 518 4327 expulsum
541 4227 714 4299 humorem
739 4223 793 4293 vix
815 4219 955 4314 amplius
974 4219 1030 4288 alit
1055 4218 1240 4300 flammam,
1266 4217 1321 4288 sed
1346 4219 1480 4311 quidem
1505 4223 1647 4318 ignem,
1670 4247 1734 4296 nec
1755 4230 1799 4299 ab
1822 4251 1872 4302 at-

344 4319 534 4424 ¹rnospbaeri
558 4326 647 4419 cingi
668 4316 835 4392 manifesti
856 4315 1001 4387 videtur:
1026 4314 1060 4386 Si
1081 4336 1189 4387 autem
1213 4315 1307 4386 binas
1329 4316 1535 4391 candelarum
1560 4319 1763 4395 sebaceanrm
1781 4322 1875 4398 ilam-

348 4451 417 4504 mas
436 4427 573 4522 jungere
588 4420 748 4505 volueris,
773 4412 941 4486 clarillime
957 4414 1123 4506 uniusque
1146 4410 1397 4504 Atmospbaera,
1422 4416 1687 4510 conjuniiionem
1701 4420 1877 4513 respuens,

347 4525 537 4620 apparebit;
562 4520 728 4607 utriusque
747 4515 836 4584 enim
864 4509 1088 4600 annosphaerae
1112 4530 1240 4602 partes,
1265 4528 1340 4601 que
1364 4529 1453 4584 mera
1476 4511 1549 4584 sunt
1564 4536 1668 4606 aqua,
1692 4517 1875 4593 aflammae

347 4643 466 4699 centro
488 4618 531 4690 ad
554 4616 712 4687 ambitum
733 4630 828 4684 motu
847 4606 979 4682 mnerso
1002 4626 1198 4681 mouentur:
1232 4610 1425 4700 ceteroquin
1454 4612 1627 4705 quomodo
1659 4636 1727 4712 ope
1751 4616 1876 4714 speculi

1787 4737 1873 4792 cot·

424 4914 464 4988 (a
504 4901 702 4969 Schwedliebe
715 4900 945 4979 Abbandlnngen
966 4902 1054 4965 Tora.
1070 4899 1094 4965 1.
1109 4919 1151 5049 fle
1195 4916 1265 4976 194.

422 4993 462 5071 (s
504 4984 658 5051 vimine
676 4983 742 5048 uu.
757 4997 787 5044 a
805 4981 877 5063 op.
891 4997 922 5060 a
942 4979 1102 5049 ariniara
1197 4981 1269 5050 na.
1289 4979 1360 5050 tin
1377 4987 1424 5054 re
1444 4980 1474 5065 ς.
1492 4997 1539 5063 m
1560 4949 1672 5068 Μ
1731 5010 1736 5018 -
