4992 6767
513 730 598 815 πο,
758 621 1802 802 oaptvnnsaurotonum

517 907 572 971 aut
593 887 843 986 igni-insliens‚
868 882 903 964 ἀ
926 883 1046 956 bacillo
1071 886 1231 978 agitetur,¹
1248 884 1285 951 ei
1304 877 1439 970 injeslus
1460 877 1497 948 stt
1520 877 1572 949 Sal
1596 880 1850 968 Ammoniacus,
1876 884 1927 956 tel
1942 885 2046 961 Cine-

516 1016 568 1067 res
589 981 765 1069 clavellati,
791 983 841 1054 vel
862 982 1026 1063 Alumen‚
1053 999 1120 1049 tunt
1144 982 1256 1071 aliquo
1280 976 1448 1046 intervallo
1475 975 1645 1046 aflanma
1668 976 1812 1048 dillantia
1833 1002 2051 1071 corporatur

516 1094 574 1162 hm
596 1095 753 1175 apparent
777 1081 978 1172 aliquantum
1003 1076 1173 1169 squallida:¹
1200 1074 1312 1149 viridia
1341 1071 1538 1160 &caerulea
1556 1077 1610 1144 vix
1631 1072 1782 1168 distingui
1799 1076 1947 1166 possunt:
1972 1081 2054 1156 alba

518 1183 660 1259 &flava
728 1178 835 1252 allant.
1723 1191 1726 1208 ¹
2000 1229 2009 1246 ·

567 1282 603 1353 Si
634 1203 767 1370 Spsseitui
790 1275 866 1347 Vini
895 1278 915 1348 d
941 1273 1044 1366 pruni
1075 1270 1199 1343 subdiri
1228 1268 1446 1341 exardescenti
1480 1269 1595 1361 injecta
1627 1270 1663 1339 stt
1689 1289 1806 1362 magna
1838 1275 1933 1362 copia
1964 1275 2054 1349 Salis

516 1380 663 1464 Marini,
689 1396 745 1445 aut
770 1372 879 1454 Nini,
904 1369 1076 1447 &bacillo
1103 1391 1170 1440 non
1191 1388 1303 1458 parum
1325 1363 1582 1456 conquassetur,
1615 1387 1683 1436 tum
1710 1364 1839 1437 flammi
1862 1368 2056 1452 liminibus!

518 1472 1021 1566 vivi„praecipuurnbentibas
1045 1463 1188 1562 genis&
1206 1466 1299 1537 labiis
1315 1464 1470 1554 pallorem
1496 1462 1599 1538 dirum
1615 1464 1702 1533 velut
1722 1462 1883 1534 defunffls
1898 1466 2055 1542 offundit.

516 1561 592 1648 illia
616 1575 713 1642 rubra
733 1575 888 1660 apparent
910 1565 1046 1638 obscure
1067 1564 1189 1633 livida:
1220 1561 1333 1632 viridia
1355 1559 1425 1632 sunt
1444 1558 1573 1632 alterius
1598 1560 1711 1631 austeri
1740 1559 1893 1645 coloris,
1926 1567 1982 1655 qui
2009 1568 2070 1642 ad'

517 1693 594 1742 earn
613 1670 708 1745 olivae
728 1665 869 1738 accedit:
895 1683 1076 1758 purpureus
1094 1658 1157 1731 sve
1170 1658 1300 1732 indicus
1315 1655 1448 1749 preffior
1468 1659 1553 1728 vira
1573 1661 1668 1753 nigro
1683 1656 1788 1745 potest
1806 1658 1976 1764 distingui:
2002 1645 2055 1738 ds·

520 1759 589 1839 'lute
611 1764 752 1838 caerulea
776 1763 848 1834 sunt
868 1760 957 1853 pulla
966 1761 984 1830 ':
1016 1757 1088 1830 alba
1119 1754 1218 1830 irent
1250 1756 1416 1852 vergentia
1438 1753 1480 1826 ad
1504 1753 1652 1862 slavunr:
1691 1752 1777 1840 flava
1804 1777 1960 1849 apparent
1980 1765 2053 1838 noir

526 1887 659 1936 mutata.

572 1962 732 2033 Flammas
749 1959 865 2029 horum
882 1954 1064 2026 ardentium
1079 1953 1255 2051 Spirituum
1278 1952 1456 2021 accuratius
1474 1949 1624 2021 Melville
1640 1946 1777 2040 inspexit
1790 1952 1942 2044 prismate
1959 1954 2052 2052 (a),

523 2057 559 2130 dt
585 2057 773 2127 observavit.
825 2051 969 2148 Quando
995 2052 1128 2141 Spiritui
1153 2054 1256 2121 inerat
1275 2047 1328 2119 Sal
1343 2050 1618 2131 Ammoniacum‚
1644 2046 1787 2122 Alumen
1802 2047 1852 2124 vel
1872 2049 1967 2121 Cinis
1983 2053 2051 2124 cla·

519 2154 673 2237 vellatus,
700 2153 778 2224 radii
807 2155 954 2223 omnium
981 2149 1131 2219 colorum
1156 2146 1407 2240 emittebantur,
1434 2145 1579 2232 quamuis
1605 2144 1718 2231 impari
1737 2145 1852 2236 copia:
1878 2148 1957 2214 radii
1982 2149 2048 2222 fla·

518 2251 553 2325 'vi
576 2254 701 2322 inerant
727 2251 826 2344 longe
850 2248 1004 2336 plurimi:
1032 2246 1119 2312 rubri
1143 2241 1251 2332 plures
1276 2245 1373 2330 quain
1393 2239 1510 2310 virides
1535 2236 1570 2309 δι
1597 2236 1752 2312 coerulei:
1781 2237 1968 2312 inflamma
1993 2267 2047 2315 ar·

520 2344 628 2419 dentis
645 2347 778 2437 spiritus
801 2362 875 2414 cunr
891 2339 991 2412 Nitro
1007 2360 1061 2408 aut
1077 2335 1150 2407 Sale
1171 2337 1297 2405 marino
1320 2331 1399 2404 radii
1416 2333 1549 2406 caerulei
1567 2335 1802 2432 speslabantur,
1826 2343 1972 2428 quamvis
1989 2341 2050 2411 ad·

519 2441 656 2517 modum
687 2442 795 2511 diluti:
822 2445 862 2509 in¹
881 2438 1000 2530 Spiritu
1030 2457 1106 2504 cum
1132 2432 1232 2505 Nitro
1254 2431 1333 2501 radii
1358 2430 1450 2502 multi
1479 2433 1597 2503 virides
1619 2454 1709 2504 erant
1724 2435 1797 2504 :in
1819 2433 1940 2526 Spiritu
1967 2458 2049 2511 cum

518 2541 595 2614 Sala
622 2540 756 2609 Marino
780 2537 858 2608 radii
880 2535 996 2605 virides
1020 2552 1108 2602 erant
1133 2532 1253 2602 diluti:
1290 2526 1343 2597 sed
1366 2527 1408 2597 ab
1440 2550 1580 2623 utroque
1610 2527 1683 2599 Sale
1713 2551 1780 2601 non
1815 2530 1946 2601 exibant
1966 2535 2051 2606 radii

519 2639 628 2722 rubri,
655 2659 731 2707 cum
756 2635 894 2706 multum
917 2630 1094 2727 agitabatur
1118 2625 1267 2718 spiritus:
1301 2624 1355 2694 sed
1381 2644 1423 2693 eo
1448 2628 1631 2718 quiescente
1655 2626 1733 2696 radii
1756 2629 1844 2698 rubri
1866 2627 2053 2719 spectabam·-

519 2756 591 2820 Μ,
620 2731 654 2805 &
678 2731 804 2825 objesta
826 2736 922 2804 rubra
945 2748 1021 2799 cum
1046 2730 1103 2797 suo
1125 2724 1324 2819 apparebant
1344 2720 1479 2796 colore:
1505 2723 1559 2797 sed
1583 2722 1694 2814 spiritu
1715 2722 1859 2817 quassato
1883 2727 2053 2826 evanesce·

405 2895 437 2908 ..
520 2833 600 2904 bant
626 2832 725 2903 rubri.

570 2930 670 3001 Rodii
695 2927 788 3014 slavi,
814 2930 870 3019 qui
895 2921 1099 3018 copiosissimi
1120 2927 1154 2993 in
1174 2923 1224 2990 his
1240 2921 1469 3009 experimentis
1489 2917 1688 3008 spesiantut,
1714 2918 1877 3009 efficiunt,
1906 2939 1944 2992 ut
1963 2919 2050 2995 forass

524 3051 603 3100 men
625 3032 658 3097 in
685 3025 811 3106 aliare,
846 3024 938 3111 quod
962 3036 1145 3109 permeatur
1170 3017 1212 3084 ab
1237 3015 1286 3085 his
1309 3015 1423 3104 radiis,
1449 3036 1602 3105 appareat
1616 3020 1744 3107 panitur
1762 3017 1904 3104 flavum,
1929 3019 2054 3093 cuiali·

525 3126 606 3214 quid
631 3122 731 3192 viride
756 3116 791 3186 dt
814 3116 994 3187 caeruleum
1014 3109 1212 3182 adhaerescit:
1239 3114 1281 3180 ab
1304 3109 1371 3181 hoc
1395 3110 1517 3182 lumine
1540 3112 1703 3204 objedlum
1717 3115 1825 3186 album
1842 3109 2054 3205 illustratum,

523 3237 657 3309 apparet
681 3217 723 3283 ab
745 3217 835 3281 omni
859 3231 949 3299 parte
975 3227 1122 3278 accurate
1143 3210 1375 3293 terminatum,
1400 3227 1476 3279 cum
1511 3215 1702 3300 ceteroquin
1730 3211 1856 3304 objesia
1885 3234 1944 3305 per
1967 3215 2051 3305 pris'·

521 3335 576 3385 ma
608 3312 779 3398 conspecta
815 3309 937 3377 lumine
972 3305 1193 3398 heterogeneo
1229 3307 1396 3396 tenninata
1426 3307 1616 3398 spectantur.
1676 3307 1721 3379 Et
1745 3313 1819 3399 quia
1841 3309 1987 3383 foramen
2012 3307 2048 3385 in

522 3409 621 3483 allero
655 3425 788 3499 apparet
814 3422 962 3477 accurate
995 3405 1227 3488 terminatum,
1259 3402 1338 3473 radii
1368 3399 1448 3498 flavi
1467 3403 1588 3476 debent
1609 3403 1673 3476 elle
1695 3406 1838 3499 ejusdem
1862 3406 2048 3506 restangibi·

522 3508 628 3579 litatis.
1912 3529 1916 3534 ·

575 3607 610 3677 Si
633 3624 722 3675 nunc
746 3606 780 3675 in
805 3601 879 3672 luce
911 3600 1044 3669 aliatum
1070 3597 1276 3671 flammarum
1298 3599 1351 3672 alii
1379 3599 1458 3671 radii
1480 3602 1618 3675 colorati
1642 3602 1944 3694 praedamnentur,
1978 3624 2050 3679 cor·

524 3726 607 3799 pora
630 3704 672 3772 ab
704 3722 741 3770 ea
768 3700 841 3770 luce
867 3697 1018 3765 illustrata
1043 3696 1171 3765 alterius
1196 3697 1317 3766 coloris
1339 3698 1562 3783 videbuntur,
1587 3723 1684 3789 quam
1709 3705 1741 3772 in
1766 3704 1843 3773 Sole
1863 3722 1918 3771 aut
1940 3691 2050 3775 Luna:

526 3804 593 3874 hoc
615 3796 816 3867 manifestum
837 3793 978 3862 estcum
999 3788 1186 3858 vestimenta
1209 3795 1372 3860 variorum
1391 3793 1540 3863 colorum
1566 3796 1744 3882 spectamus
1771 3802 1804 3869 in
1829 3796 1921 3867 Luce
1941 3800 2049 3884 Solis,

526 3900 562 3966 in
582 3892 656 3961 luce
675 3888 880 3957 candelarum
907 3905 947 3954 ex
973 3884 1140 3972 spermate
1157 3883 1256 3965 Ceti.
1281 3904 1336 3955 aut
1355 3884 1470 3974 Cerae,
1495 3909 1551 3957 aut
1573 3890 1649 3958 Sebi
1674 3892 1791 3976 ovilli,
1818 3895 1893 3961 Sabi
1917 3897 2052 3983 bovini,

525 3985 702 4078 Lampadi:
724 3985 881 4055 instrodlae
902 3981 992 4052 Oleo
1016 3978 1205 4065 Obrutam,
1229 3980 1417 4072 Rapatum,
1445 3980 1521 4053 Lini
1542 3982 1607 4055 dcc.
1634 4007 1708 4054 nam
1730 3989 1771 4056 ad
1789 3988 1954 4058 flammam
1969 4015 2055 4062 can·

526 4086 611 4158 delae
639 4081 780 4152 sebaceae
799 4082 908 4151 charta
931 4076 1018 4150 flava
1042 4099 1176 4170 apparet
1196 4078 1398 4174 languidior,
1424 4079 1536 4150 colore
1558 4103 1710 4176 vergente
1733 4083 1774 4168 ad
1788 4084 1942 4175 pallidum
1971 4086 2050 4157 stra-

526 4188 695 4258 mineum:
727 4181 930 4274 pigmentum
948 4177 1065 4246 ‚laturo
1093 4176 1194 4247 viride
1216 4195 1350 4267 apparet
1374 4176 1634 4249 subcoeraleum:
1672 4201 1893 4271 comparatum
1921 4180 1955 4250 id
1982 4206 2047 4256 una

526 4306 608 4356 cum
629 4276 832 4349 subcoeruleo
855 4294 987 4367 apparet
1009 4272 1186 4344 subviride:
1212 4293 1434 4365 comparatum
1455 4294 1531 4345 cum
1553 4274 1642 4347 flauo
1665 4276 1790 4348 videtur
1817 4280 1919 4373 magis
1939 4300 2046 4351 caeru·

527 4381 628 4454 lenm.
680 4374 877 4466 Camphora
902 4392 970 4442 tum
992 4366 1026 4441 δι
1049 4368 1145 4441 Zinci
1166 4372 1305 4442 ardentis
1329 4368 1405 4441 Lux
1425 4369 1471 4441 est
1490 4370 1588 4443 alba:
1620 4373 1760 4445 Zincum
1789 4399 1863 4447 eum
1891 4376 2050 4448 Arsenico

526 4480 586 4549 dat
608 4477 770 4548 flammam
789 4469 1070 4544 coerulescetstem:
1096 4468 1229 4557 quando
1249 4466 1389 4540 Zincum
1414 4490 1491 4540 cum
1508 4472 1759 4569 Auripigmento
1784 4474 1910 4546 millum
1934 4475 2047 4560 ardet,¹

530 4576 654 4663 praebet
684 4570 850 4643 flammam
882 4569 1006 4665 nigram
1038 4563 1128 4659 (b).
1186 4561 1254 4668 AEa
1286 4562 1410 4637 salvum
1437 4571 1471 4638 in
1501 4570 1577 4666 igne
1608 4571 1675 4640 edit
1706 4569 1866 4642 flammam
1898 4571 2048 4643 viridem.

530 4665 678 4764 Quando
707 4668 908 4761 aliercalus,
941 4669 975 4740 in
1008 4684 1077 4755 quo
1106 4683 1221 4735 omnes
1252 4661 1382 4736 colores
1405 4664 1499 4737 iridis
1518 4686 1609 4738 erant
1630 4670 1735 4760 pisti,
1760 4671 1965 4770 mergebatur
1990 4668 2046 4740 lirb

1950 4766 2049 4843 succo

604 4898 665 4975 (a)
685 4901 784 4979 lislay:
801 4903 858 4962 and
879 4900 1086 4961 observatione
1107 4899 1237 4981 Phylicrl
1258 4903 1316 4967 and
1335 4905 1441 4976 Littera
1462 4899 1532 4971 Vol.
1553 4916 1582 4970 e·
1601 4916 1668 4988 pag·
1689 4915 1740 4979 ³4·

601 4982 663 5068 (ll
680 4980 847 5050 bulaeus
868 4978 906 5047 le
925 4978 1040 5048 l'berd·
1057 4981 1143 5067 lion
1157 4985 1215 5056 Aa.
1228 4998 1318 5063 rm.
