4992 6767
538 743 624 829 772
722 711 1054 806 nauticis
1093 704 1456 803 TRA‘NSITU
1484 701 1621 806 :PER
1658 702 1875 806 OCULl

540 911 636 1080 gg,
660 902 697 979 &
715 905 989 1002 quiaTriangula
1014 902 1148 990 Dal,
1176 901 1286 976 ΒΑΕ
1311 901 1383 973 sunt
1404 897 1534 1010 limilia,
1558 902 1618 973 erit
1649 896 1726 982 ΑΒ
1753 899 1798 972 td
1821 897 1887 982 ΕΒ
1914 920 1944 970 :t
1969 898 2071 994 AD,

540 1173 542 1178 .
593 1057 629 1176 Si
652 1103 724 1176 BE
747 1100 844 1171 fuerit
867 1104 960 1172 turris
986 1083 1095 1192 4000.
1120 1097 1182 1167 alta
1202 1097 1368 1188 pollices,
1401 1073 1476 1188 quae
1498 1096 1531 1166 in
1553 1094 1700 1166 distantia
1721 1093 1865 1167 milliaris
1889 1091 2067 1168 Hellandi

543 1201 593 1287 ei,
618 1202 681 1272 five
713 1199 870 1270 216000.·
893 1196 962 1287 pol.
987 1216 1154 1278 cernatur,
1181 1190 1376 1264 &centrum
1396 1192 1492 1264 lentis
1510 1211 1529 1262 a
1545 1193 1647 1262 retina
1674 1191 1707 1262 8.
1733 1191 1828 1262 lineis
1846 1189 1981 1288 abfuerit
1999 1191 2067 1264 flue

550 1331 617 1484 ἐ..
642 1345 792 1440 pollicis,
818 1342 888 1413 sunt
914 1342 1068 1434 016000.
1094 1360 1190 1430 4000
1216 1361 1244 1408 z:
1275 1322 1340 1483 ξ..
1364 1325 1407 1470 ὲ
1430 1351 1472 1390 ·-·-
1496 1332 1592 1468 DE,
1610 1336 1680 1410 <five
1706 1319 1747 1466 ξ
1772 1338 1878 1411 lineae.
1976 1347 1979 1352 '

593 1519 624 1618 ς.
649 1514 967 1591 MDCCCCXVl.
999 1516 1093 1607 Quia
1126 1534 1190 1588 tam
1220 1514 1329 1606 magni
1354 1508 1482 1625 objeeli
1506 1514 1617 1610 imago
1634 1517 1673 1600 ¹in
1694 1517 1796 1594 retina
1818 1513 1864 1588 est
1889 1514 1974 1586 adeo
1999 1522 2068 1590 exi·

546 1640 630 1713 gua,
656 1616 746 1706 plura
767 1610 892 1705 objedii
915 1611 1039 1705 punita
1063 1612 1170 1690 radios
1192 1613 1370 1692 emittunt,
1401 1629 1459 1697 qut
1491 1612 1525 1680 in
1551 1611 1689 1681 eandem
1717 1613 1827 1681 retinae
1856 1632 2005 1684 netveam
2031 1613 2069 1685 fi-

545 1713 671 1783 brillam
696 1712 862 1794 incidunt;
888 1711 958 1780 haec
980 1711 1117 1801 proinde
1143 1708 1272 1780 divetis
1295 1702 1558 1777 concuffionibus
1583 1707 1695 1789 fimul,
1721 1702 1896 1779 &eodem
1919 1727 2068 1800 tempore

548 1811 705 1903 agitatur,
728 1829 766 1878 ac
789 1810 890 1877 menti
910 1805 988 1877 nihil
1006 1803 1157 1878 distinele
1182 1802 1406 1894 repraesentate
1429 1802 1561 1892 potest:
1586 1804 1801 1894 quamobrem
1824 1800 1950 1895 objesti
1973 1805 2068 1878 valde

547 1906 667 1977 remoti
689 1905 831 1974 minores
855 1923 962 1994 partes
986 1923 1150 1993 nunquam
1169 1896 1320 1972 dillindle
1341 1895 1484 1988 conspici
1506 1898 1648 1989 pollent.

599 1999 669 2097 Qui
695 2003 848 2070 acerrima
868 1998 949 2070 visus
972 2003 1041 2068 acie
1062 2000 1185 2090 pollet,
1211 2000 1244 2066 in
1268 1995 1355 2066 coelo
1381 1993 1504 2079 stellas,
1528 1997 1687 2092 angulum·
1711 2015 1769 2088 30.
1793 1996 1941 2068 secundis
1963 2002 2070 2072 mino·

545 2121 616 2172 rem
641 2096 888 2178 subtendentes,
912 2094 1108 2190 distinguere
1135 2095 1265 2184 nequit:
1297 2093 1437 2160 maxima
1464 2090 1635 2164 hominum
1659 2115 1732 2185 pets
1756 2095 1808 2182 viqt
1832 2092 1987 2182 obieeta,
2012 2119 2070 2168 an·

545 2197 660 2291 gulum
680 2197 774 2265 unius
799 2193 912 2261 minuti
939 2191 1179 2272 subtendentia,
1203 2187 1377 2281 distinguit
1427 2187 1461 2256 Si
1485 2189 1576 2278 allius
1599 2192 1689 2285 nigro
1708 2191 1818 2277 parieti
1840 2187 1988 2283 affigatur
2005 2195 2071 2262 cit·

547 2291 662 2375 culus,
686 2291 742 2378 qui
765 2287 887 2357 lumine
910 2286 1029 2356 diumo
1053 2286 1250 2364 illustretur,
1282 2284 1401 2378 uixlab
1425 2285 1603 2356 acutiliituo
1629 2285 1725 2358 videri
1749 2282 1882 2377 potest,
1908 2306 1984 2356 cum
2007 2308 2067 2358 an·

547 2385 660 2481 gulam
686 2405 745 2473 40.
770 2378 833 2452 ml.
858 2380 1039 2466 subtendit,
1065 2382 1128 2453 five
1144 2403 1218 2451 cum
1234 2377 1435 2450 intervallum
1451 2381 1492 2449 ab
1512 2382 1613 2452 oculo
1628 2382 1816 2453 diametrum
1829 2379 1938 2451 circuli
1955 2402 1995 2473 5¹
2005 2385 2068 2474 56.

546 2484 670 2554 uicibus
695 2478 847 2570 superat3
881 2496 1015 2567 tumque
1047 2479 1159 2549 circuli
1190 2481 1300 2570 imago
1332 2476 1366 2545 in
1391 2474 1490 2546 oculo
1513 2478 1558 2547 eil
1591 2498 1732 2565 tantum,
1757 2495 1912 2567 000105.
1937 2478 2066 2568 pollicis

548 2580 675 2669 pertint
700 2596 812 2646 verum
834 2574 948 2644 oculus
971 2574 1026 2644 sub
1051 2576 1170 2645 minori
1193 2571 1317 2667 angulo
1341 2571 1450 2662 potest
1470 2573 1596 2664 objeila
1623 2574 1755 2658 videre,
1787 2571 1888 2643 modo
1912 2572 1971 2643 {int
1993 2573 2067 2646 satia

543 2677 756 2766 propinqua,
790 2668 824 2742 dt
848 2673 882 2741 in
906 2691 945 2740 ea
966 2672 1008 2739 ab
1032 2670 1133 2744 oculo
1156 2670 1331 2754 distantia,
1361 2670 1394 2737 itt
1420 2689 1483 2759 qua
1506 2670 1647 2759 perfetla
1676 2671 1755 2744 vilio
1783 2667 1847 2753 fit,
1871 2670 1918 2739 uti
1938 2674 2072 2765 egregie

517 2818 643 2892 'Nob.
676 2817 808 2909 Jurinus
842 2818 967 2890 notavit
1000 2816 1088 2915 (a).
1135 2773 1224 2889 Nam
1246 2814 1341 2886 *filum
1371 2834 1557 2910 argenteum
1582 2782 1642 2941 ἐς
1666 2781 1736 2910 ¹pol.
1766 2812 1929 2900 clauum,
1953 2785 2074 2889 charte

547 2965 629 3037 albae
656 2965 866 3057 impofitum,
900 2963 943 3050 ad
963 2962 1168 3036 intervalium
1195 2984 1249 3032 10.
1282 2957 1404 3050 pedum
1426 2963 1514 3031 cerni
1536 2963 1643 3053 potest
1665 3015 1677 3050 ,
1702 2984 1770 3036 tutn
1795 2961 1990 3035 litbtendens
2015 2983 2072 3034 an·

546 3113 659 3206 gulutn
688 3078 780 3214 ᾖ.
805 3103 868 3177 m'l
908 3106 1000 3177 filum
1030 3104 1164 3179 sericum
1192 3071 1283 3226 5¹18.
1306 3106 1375 3197 pol.
1401 3104 1537 3180 ctal'sum
1568 3112 1601 3181 in
1626 3073 1741 3182 charta.
1755 3113 1924 3226 cernitur,
1957 3085 2084 3182 dilium

494 3265 496 3268 ’
546 3276 605 3358 4ο.
628 3252 709 3343 poll.
734 3251 776 3320 ab
802 3252 922 3336 oculo,
948 3250 1142 3322 subtendens
1167 3249 1321 3345 angulum
1349 3220 1443 3361 αξ.
1475 3251 1539 3325 ιη“.
1565 3259 1673 3354 imago
1705 3257 1799 3352 hujus
1829 3256 1875 3328 fili
1908 3259 1943 3328 in
1971 3256 2074 3329 ocule

547 3401 634 3491 pidia
657 3396 703 3467 eil
725 3361 870 3518 75⁶¹&
894 3419 968 3491 pars
991 3382 1131 3489 pellitis.
1183 3394 1325 3490 Objeela
1342 3422 1455 3478 ‚eutem
1479 3401 1580 3474 videri
1601 3403 1732 3496 polluet
1756 3405 1912 3491 exiliora,
1938 3403 2073 3498 quenda

535 3549 568 3615 'a
587 3542 721 3634 copiosa
745 3544 819 3615 luce
841 3545 926 3617 Solis
949 3544 1169 3630 illustrantur,
1203 3546 1226 3616 si
1252 3545 1322 3642 ipsa·
1353 3545 1479 3642 objedla
1503 3547 1697 3641 splendent,
1731 3547 1767 3623 ἃ
1796 3549 1911 3622 oculus
1930 3553 1975 3622 ·in
1995 3551 2074 3623 loco

544 3641 592 3713 est
615 3639 781 3728 obscuro,
812 3663 914 3735 atque
936 3644 979 3714 ita
1003 3643 1216 3729 constitutus,
1238 3665 1275 3716 ut
1298 3645 1419 3717 nullam
1449 3646 1557 3717 lucem
1581 3650 1642 3720 nist
1662 3652 1710 3720 ab¹
1730 3647 1871 3744 objecto·
1890 3645 2072 3739 spectanda

548 3739 693 3829 recipiat.
741 3737 797 3808 De
820 3739 886 3809 hoc
910 3738 1050 3808 themate
1077 3743 1174 3808 etlam
1199 3740 1267 3809 fuse
1288 3739 1401 3813 aetum
1424 3742 1510 3811 esta
1537 3742 1630 3815 Nob.
1656 3745 1798 3834 Mayero
1824 3745 1917 3839 (b).
1968 3743 2075 3843 Quod

422 3853 424 3855 ’
546 3837 569 3907 fi
593 3834 649 3904 lux
672 3833 814 3922 plurium
840 3832 1041 3921 obJettorum
1067 3834 1184 3900 eodem
1207 3852 1356 3923 tempore
1383 3836 1579 4000 ingrediatur
1608 3841 1751 3923 oculos,
1776 3864 1843 3911 non
1869 3842 1993 3926 exilia,
2020 3841 2075 3914 sed

490 3975 492 3982 ,
548 3948 671 4000 tantum
698 3948 813 4021 magna
837 3926 967 4016 spellari
990 3923 1146 4015 possunt:
1178 3927 1255 3999 ideo
1278 3928 1393 4019 pleno'
1437 3933 1465 3998 'e
1496 3950 1564 4001 non
1588 3936 1751 4006 cernimus
1776 3940 1808 4005 in
1834 3936 1921 4006 coelo
1944 3939 2075 4024 stellas,

415 4031 433 4088 .·
476 4075 479 4084 .
546 4047 621 4118 quae
645 4020 751 4097 noua
778 4022 863 4093 clare
886 4022 1059 4107 videntur,¹
1078 4044 1137 4111 per
1159 4026 1275 4095 tubum
1297 4046 1412 4096 cavum
1437 4022 1619 4116 spectantes
1640 4030 1766 4100 minora
1789 4031 1977 4122 detegemus
2009 4037 2076 4105 ob-

543 4120 633 4218 jeliu
656 4124 689 4193 in
711 4118 809 4210 plena
831 4119 928 4204 luce,
950 4138 1050 4210 quam
1070 4119 1204 4210 iimpli'ci
1226 4125 1367 4193 inmite..
1415 4121 1549 4194 Interim
1572 4124 1644 4196 sunt
1658 4181 1661 4192 .
1674 4123 1824 4200 homiues
1848 4128 2002 4197 acerrima
2025 4134 2079 4202 vi·

405 4305 407 4310 Ι
546 4220 599 4291 sus
627 4221 696 4290 acie
719 4216 875 4309 prediti3
908 4218 985 4287 novi
1010 4214 1184 4312 qul-Joris
1206 4217 1366 4290 satellites
1392 4237 1487 4312 aeque
1517 4221 1602 4292 bene
1631 4219 1894 4318 distinguebant,
1933 4244 1972 4293 ac
2004 4246 2075 4316 ope

389 4331 420 4412 ·,
446 4378 449 4386 .
476 4395 480 4405 ,
522 4318 619 4404 ,tubi
648 4338 703 4389 rr.
728 4314 850 4406 pedum
870 4333 929 4383 eos
949 4331 1019 4385 tum
1044 4316 1200 4404 temporis
1225 4312 1432 4416 spedabam:
1466 4312 1593 4390 Cicero
1628 4315 1776 4390 meminit
1805 4317 1938 4410 alicujus
1972 4320 2071 4417 (c),

548 4417 607 4505 qui
639 4412 729 4483 mille
757 4407 794 4480 dt
822 4410 1007 4502 oliuaginta
1039 4409 1137 4481 stadia
1169 4401 1262 4501 quud
1282 4409 1415 4483 'abesset
1441 4413 1582 4486 videbat.
1639 4413 1763 4488 Plinius
1797 4418 1944 4487 meminit
1970 4416 2074 4492 alicu·

543 4508 597 4599 jus
621 4510 722 4606 (d),
738 4569 740 4573 .
754 4507 810 4598 qui
839 4503 981 4579 secundo
1009 4505 1100 4586 bello
1121 4503 1249 4582 Punic'o
1270 4529 1295 4580 a
1310 4506 1450 4583 Lilibaeo
1473 4508 1592 4588 Siciliae
1615 4516 1843 4608 promontorio
1866 4511 1967 4587 classis
1988 4512 2078 4688 (ἐξ
2158 4611 2165 4628 Ι

539 4677 544 4686 ’
622 4726 684 4884 5⁶3
703 4726 787 4804 any
808 4743 888 4806 upon
910 4727 1146 4792 armaverat
1166 4730 1194 4809 ς.
1222 4732 1288 4806 ιω.

643 4806 660 4866 l
703 4809 866 4869 comment.
890 4809 999 4871 Societ.
1024 4810 1159 4888 Gotting.
1183 4810 1272 4872 Tem.
1293 4808 1347 4872 tv.
1369 4806 1422 4876 Δ..
1449 4821 1537 4891 1754.

581 4893 583 4900 “
623 4885 686 4964 (e)
706 4888 772 4947 Lib.
791 4904 820 4961 4.
843 4887 978 4948 Academ.
1002 4888 1106 4972 Quali.
1293 4895 1296 4902 '

394 4965 402 4978 ''
493 5001 514 5046 ,·
623 4964 778 5046 (mlst.
802 4967 912 5034 Natat.
933 4967 999 5048 Lib,
1022 4983 1051 5043 l·
1076 4967 1150 5049 cap.
1173 4981 1223 5035 tr.
1247 4981 1315 5078 pap
1337 4969 1407 5048 380.
