4992 6767
742 681 1609 792 cnrorrurcn
1856 707 1935 811 ω

398 914 467 977 aas,
493 912 533 962 ex
557 889 750 984 imaginibus
774 891 806 958 in
826 886 959 979 speculo
987 885 1142 976 sphaerico
1167 908 1315 959 concavo
1342 889 1434 968 visas,
1460 883 1495 957 δι
1521 890 1554 958 in
1580 887 1711 979 speculo
1736 888 1846 980 plano.
1897 895 1932 968 Si

398 994 466 1061 axis
490 989 526 1057 fit
548 989 589 1058 ad
613 985 715 1056 solum
737 984 926 1078 parallelus,
953 978 987 1053 dr
1013 984 1043 1052 se
1068 984 1140 1073 quis
1161 986 1195 1057 in
1222 985 1277 1055 tali
1294 984 1425 1077 speculo
1439 986 1617 1063 intueatur,
1637 1005 1704 1056 tum
1722 986 1828 1077 posrto
1842 990 1933 1061 vultu

401 1087 443 1156 ad
465 1085 644 1155 distantiam
670 1082 738 1154 soci
762 1085 813 1154 vel
839 1083 1018 1165 minorem,
1043 1083 1210 1170 apparebit
1233 1085 1342 1179 imago
1365 1083 1529 1178 oblonga,
1555 1081 1731 1168 difformis,
1756 1083 1933 1174 amplifica·

403 1202 459 1265 ta,
492 1180 628 1265 eredit,
670 1180 743 1276 post
766 1179 953 1270 speculum,
979 1178 1042 1247 five
1065 1174 1163 1249 audsa
1189 1201 1253 1249 una
1276 1183 1418 1264 ratione,
1450 1200 1519 1250 non
1539 1180 1654 1250 altera:
1679 1181 1769 1252 vultu
1788 1201 1931 1270 remoto,

402 1298 438 1348 ut
460 1280 576 1349 oculus
602 1278 638 1347 srt
659 1281 691 1348 in
716 1297 776 1348 axe
793 1276 932 1368 speculi,
973 1278 1083 1345 omnia
1109 1275 1180 1345 sunt
1197 1275 1347 1361 confusa,
1374 1272 1510 1346 &oculi
1526 1278 1634 1372 imago
1650 1277 1767 1348 sursum
1784 1273 1819 1347 dt
1834 1276 1930 1351 deor·

403 1372 472 1444 sum
494 1376 579 1466 paris
603 1374 831 1469 magnitudinis
860 1394 899 1443 ac
922 1392 1025 1442 totunr
1051 1371 1237 1462 speculum,
1264 1371 1318 1442 sed
1343 1371 1440 1442 altera
1460 1374 1585 1443 ratione
1603 1374 1719 1444 oculus
1734 1372 1832 1446 latior
1860 1398 1929 1449 non

404 1471 468 1539 eil:
512 1472 600 1542 vultu
625 1470 755 1541 ulterius
782 1491 913 1541 remoto
936 1492 955 1537 a
974 1468 1124 1558 speculo,
1147 1470 1256 1563 imago
1275 1470 1467 1554 invertitur,
1491 1468 1636 1566 oblonga
1645 1473 1811 1558 cernitur,
1837 1469 1872 1542 dt
1896 1476 1931 1548 in

406 1569 480 1637 asre
496 1568 658 1659 pendula,
683 1566 781 1638 veluti
803 1570 836 1637 in
861 1567 893 1661 5.
922 1565 1019 1635 2016
1045 1561 1079 1633 ἅ
1107 1584 1213 1657 2017.

455 1665 488 1733 Si
512 1665 631 1734 deinde
654 1662 818 1754 speculum
842 1663 907 1733 hoc
926 1661 1137 1749 cylindricum
1154 1665 1196 1731 ita
1225 1662 1385 1753 pendeat,
1412 1683 1447 1732 ut
1473 1666 1541 1734 axis
1564 1663 1601 1733 lit
1617 1663 1658 1733 ad
1673 1662 1775 1733 solum
1792 1686 1933 1756 perpen-

405 1758 573 1845 dicularis,
600 1759 634 1831 dr
658 1762 765 1831 vultus
782 1763 862 1831 intra
883 1754 1009 1828 axin&
1027 1755 1192 1846 speculum
1214 1778 1374 1849 ponatur,
1400 1762 1508 1853 imago
1532 1764 1674 1830 cernitur
1696 1760 1737 1829 ad
1761 1781 1934 1854 utrumque

405 1856 487 1926 latus
513 1857 735 1949 amplificata,
761 1857 814 1927 sed
841 1879 908 1928 non
931 1852 1048 1924 sursum
1069 1853 1283 1937 deorsumve,
1310 1854 1460 1945 adeoque
1487 1856 1534 1925 est
1551 1860 1661 1951 imago
1677 1856 1855 1928 admodum
1873 1857 1937 1929 dif-

404 1952 533 2024 formis:
559 1955 649 2026 vultu
673 1960 705 2025 in
723 1975 784 2024 axe
806 1954 931 2045 posrto,
959 1950 1073 2022 oculus
1095 1973 1189 2041 aeque
1203 1952 1286 2020 latus
1317 1971 1355 2019 ac
1373 1951 1537 2041 speculum
1563 1950 1745 2041 speciatur:
1772 1955 1805 2024 in
1821 1954 1936 2046 majori

408 2050 426 2117 A
451 2050 583 2140 speculo
607 2051 783 2129 dillantia,
825 2055 932 2145 imago
957 2068 1089 2140 apparet
1116 2048 1331 2138 amplificata,
1357 2048 1410 2117 sed
1433 2048 1501 2140 ejus
1522 2045 1563 2119 fit
1587 2047 1766 2134 dextratio,
1792 2071 1867 2138 quae
1888 2073 1937 2121 ra·

404 2166 444 2214 ro
468 2147 624 2218 observari
646 2147 741 2217 solet:
767 2149 974 2244 cognoscitur
1000 2166 1041 2214 ert
1067 2145 1170 2238 digito
1194 2166 1287 2237 genae
1304 2145 1475 2232 impofitO,
1502 2141 1537 2213 δι
1562 2146 1595 2212 in
1621 2143 1752 2233 speculo
1781 2146 1860 2216 vilo.

452 2267 483 2364 s.
509 2269 758 2343 ulnlxxvlll.
786 2273 921 2343 Possunt
942 2293 1076 2360 quoque
1096 2272 1252 2361 imagines
1281 2272 1315 2337 in
1341 2268 1448 2337 tabula
1473 2272 1567 2363 pingi
1590 2267 1773 2353 deformes,
1806 2275 1936 2358 quaein

403 2363 586 2458 hujusmodi
610 2369 743 2455 speculo
770 2369 934 2459 regulares
962 2362 1158 2453 spedantut.

452 2487 483 2581 §.
511 2484 732 2557 nrnlxxrx.
759 2484 807 2553 Sit
830 2483 996 2572 speculum
1022 2482 1136 2555 sonuae
1163 2484 1358 2577 pyramidis,
1383 2484 1536 2573 quadrata
1551 2484 1640 2568 basi,
1664 2503 1804 2575 quatuor
1819 2472 2052 2602 planoffiffi

405 2604 478 2653 turn
509 2583 644 2651 laterum
675 2585 709 2651 in
740 2580 908 2670 cuspidem
933 2580 1173 2665 desinentium,
1210 2583 1302 2673 cujus
1324 2604 1425 2652 unum
1448 2583 1530 2652 latus
1552 2582 1724 2654 exhibetur
1755 2582 1936 2681 Triangulu

408 2681 443 2749 A
454 2679 484 2748 B
495 2679 544 2763 C,
569 2678 656 2747 basrn
680 2678 801 2748 ambiat
818 2675 1004 2766 obJettum,
1018 2675 1109 2766 cujus
1123 2678 1204 2749 latus
1219 2682 1253 2749 in
1270 2679 1388 2750 eodem
1406 2677 1505 2767 plano
1522 2679 1559 2749 srt
1573 2678 1605 2750 C
1612 2676 1725 2749 DEF
1736 2677 1781 2747 G.
1797 2702 1816 2750 e
1832 2703 1937 2774 punc-

409 2794 444 2845 to
466 2795 613 2844 extremo
637 2772 756 2863 objedli
783 2770 816 2842 G
843 2776 1032 2843 emittuntur
1051 2773 1130 2842 radii
1153 2778 1186 2843 in
1212 2795 1316 2844 toturn
1342 2775 1423 2844 latus
1449 2773 1550 2860 CB,
1587 2774 1642 2843 sed
1666 2774 1836 2864 replicatus
1861 2777 1934 2849 GB

405 2874 494 2940 venit
521 2870 562 2939 ad
585 2870 717 2940 oculum
732 2874 766 2940 in
793 2869 844 2952 Ο,
869 2867 1094 2958 judicaturque
1113 2873 1222 2941 venire
1244 2892 1285 2940 ex
1308 2868 1435 2963 punsto
1459 2894 1482 2941 n
1507 2868 1578 2962 post
1601 2868 1785 2961 speculum,
1811 2870 1874 2941 stre
1889 2874 1937 2963 ja·

404 2984 458 3060 eet
481 2968 589 3059 imago
606 2968 639 3034 in
655 2965 766 3033 medio
791 2964 929 3055 speculi:
955 2967 997 3032 ita
1018 2986 1152 3054 quoque
1174 2987 1215 3035 ex
1239 2965 1368 3058 pundso
1393 2968 1424 3037 F
1446 2967 1552 3036 radius
1567 2965 1696 3035 emissus
1714 2966 1750 3034 fit
1765 2964 1852 3052 FV,
1878 2971 1935 3058 qui

405 3063 447 3131 ab
471 3062 571 3131 oculo
597 3059 631 3130 Ο
656 3062 765 3132 venire
789 3058 917 3128 videtur
940 3080 980 3127 ex
1005 3082 1060 3142 m3
1086 3063 1129 3128 ita
1142 3060 1248 3131 radius
1273 3060 1335 3130 ES
1359 3061 1487 3130 videtur
1501 3065 1609 3132 venire
1625 3083 1666 3131 ex
1683 3062 1726 3143 k,
1744 3061 1851 3132 radius
1868 3062 1935 3135 DP

405 3178 447 3230 ex
479 3164 503 3229 τ’.
538 3157 622 3228 adeo
648 3178 684 3228 ut
707 3156 808 3251 figura
832 3157 866 3224 in
889 3152 1120 3238 CDEFG,
1153 3175 1304 3247 appareat
1326 3155 1495 3227 contradsa
1517 3160 1551 3227 in
1576 3156 1745 3228 nmkiC.
1771 3154 1807 3226 ἃ
1830 3180 1937 3249 partes
2083 3173 2088 3183 '

404 3254 520 3325 tabulae
537 3256 713 3327 exteriores
734 3251 902 3325 videantur
914 3254 946 3322 in
966 3252 1105 3347 imagine
1120 3250 1308 3339 inferiores,
1334 3249 1370 3321 ἃ
1395 3253 1512 3323 tabulae
1524 3256 1694 3325 interiores
1710 3252 1769 3323 sint
1784 3256 1934 3348 imaginis

404 3368 592 3423 exterrores.

452 3483 485 3573 5.
510 3480 723 3555 lllllleXX.
748 3479 852 3644 Q
875 3478 1105 3569 stquadratum
1131 3475 1164 3548 X
1186 3477 1284 3550 fuerit
1306 3478 1429 3567 aequale
1453 3481 1519 3551 basr
1541 3480 1688 3572 speculi,
1716 3478 1808 3553 &ad
1823 3487 1999 3579 quod-raa.
2013 3513 2048 3562 ι.-

403 3576 484 3649 libet
499 3578 646 3669 quadrati
668 3578 752 3647 latus
780 3596 925 3644 ormetur
945 3572 1162 3664 Triangulum
1187 3575 1311 3663 aequale
1324 3575 1414 3642 lateri
1427 3575 1629 3668 Triangulari
1661 3577 1801 3670 speculi,
1827 3582 1925 3654 veluti
1939 3576 2059 3684 ffif’·

407 3672 632 3758 A,B,L,C;
669 3670 796 3742 Tabula
819 3673 852 3740 in
874 3691 938 3759 qua
957 3667 1002 3737 est
1026 3666 1174 3761 pidum,
1210 3690 1307 3758 quarn
1333 3671 1582 3741 accommodare
1608 3672 1738 3763 speculo
1764 3678 1932 3767 cupimus,
2013 3665 2022 3686 ⁹

404 3772 565 3843 ambiatur
590 3769 767 3860 quadrato,
793 3767 884 3858 quod
909 3787 973 3858 ope
997 3764 1132 3834 duarum
1154 3764 1372 3856 diagonaliurn
1389 3764 1512 3836 secetur
1533 3769 1567 3836 in
1592 3787 1731 3857 quatuor
1757 3767 1933 3868 Triangula

402 3868 558 3959 aequalia:
585 3885 654 3936 tum
677 3885 777 3936 unum
806 3883 846 3932 ex
868 3860 917 3930 his
938 3859 1116 3929 delineetur
1139 3863 1172 3928 in
1198 3857 1377 3955 Triangulo
1402 3862 1457 3943 A,
1482 3861 1535 3931 sed
1558 3864 1711 3934 omnibus
1723 3870 1867 3959 partibus
1881 3874 1933 3941 in·

395 3966 520 4038 versis:
553 3962 707 4050 idemque
725 3959 780 4031 fiat
799 3978 874 4031 eunt
900 3955 968 4024 aliis
991 3954 1102 4049 figurae
1126 3953 1311 4049 Triangulis
1337 3959 1370 4026 ln
1397 3956 1541 4042 B,L,C.
1567 3980 1635 4030 tum
1663 3962 1767 4053 posrto
1794 3963 1925 4057 speculo

399 4065 435 4132 in
459 4059 615 4149 quadrato
640 4056 697 4141 X,
722 4053 758 4125 ἃ
773 4053 872 4125 oculo
897 4052 987 4142 supra
1003 4051 1177 4142 pyramidis
1199 4054 1323 4142 apicem
1347 4054 1389 4122 ad
1414 4052 1580 4143 quoddam
1601 4059 1802 4130 intervallum
1827 4060 1932 4132 subla·

403 4177 461 4239 to,
485 4155 632 4248 separatae
656 4173 760 4247 partes
782 4154 816 4221 in
842 4174 876 4240 4.
902 4146 1087 4241 Triangulis
1111 4145 1231 4238 pidre,
1257 4148 1452 4218 videbuntur
1484 4152 1672 4219 continuam
1696 4154 1824 4223 efficere
1846 4157 1931 4250 figu-

407 4274 487 4323 ram.

448 4346 615 4442 Quicquid
635 4367 742 4421 aurem
759 4350 793 4417 in
807 4339 981 4414 intervallis
1008 4342 1117 4413 vacuis
1141 4341 1224 4409 inter
1246 4340 1279 4409 A
1298 4336 1398 4425 &B,
1424 4361 1479 4414 aut
1502 4347 1586 4415 inter
1602 4345 1631 4417 B
1651 4341 1685 4415 dr
1710 4344 1763 4429 L,
1790 4348 1873 4415 inter
1896 4349 1929 4420 L

405 4439 442 4512 dt
463 4448 513 4534 C,
540 4450 624 4517 inter
649 4446 680 4515 C
707 4442 742 4515 de
766 4447 799 4513 A
823 4438 950 4535 pictum
973 4437 1039 4519 est,
1064 4459 1132 4508 non
1151 4454 1282 4529 apparet
1305 4440 1425 4525 oculo;
1451 4439 1628 4535 hocpadlo
1651 4444 1719 4514 lieri
1737 4444 1864 4535 potest,
1891 4464 1928 4517 ut

403 4538 517 4632 fignrae
533 4546 564 4610 in
583 4541 769 4636 Triangulis
794 4535 1012 4622 A‚B,L,C,
1037 4532 1139 4626 pretae
1162 4536 1317 4629 cognosci
1343 4558 1523 4630 nequeant,
1549 4538 1603 4612 sed
1618 4561 1739 4614 tantum
1754 4541 1929 4636 expedian-

409 4656 462 4704 tur
486 4637 506 4705 ἢ
533 4637 663 4727 speculo
694 4639 758 4706 bari
784 4635 817 4706 X
840 4633 991 4727 impolito
1019 4634 1039 4727 (
1076 4633 1110 4726 ).

454 4752 489 4851 g.
515 4754 732 4828 nrmxxxr.
759 4757 846 4856 Quia
863 4759 980 4832 Cunus
1009 4758 1054 4828 est
1069 4758 1208 4851 pyramis
1231 4759 1408 4838 multorum
1427 4762 1585 4894 laternum,
1618 4760 1783 4840 &conica
1798 4762 1992 4933 (ρὲζὲῑίεὲᾳὲ
2007 4786 2049 4901 q

1912 4895 1924 4936 2

483 4950 540 5029 (a)
562 4951 701 5030 Perspesl·
722 4955 827 5040 pratiq·
849 4937 924 5035 part.
946 4954 1357 5036 3.Trait.vl.ptat.xx1·

1077 5031 1321 5109 Mmmmm
