4992 6767
501 611 636 793 'aar
863 655 1907 768 canerentur.-

539 805 721 962 eoinotde
739 869 931 962 eit-ingere
956 860 1083 958 specula
1109 881 1146 936 ut
1167 860 1318 932 diametri
1336 855 1474 950 majores
1498 877 1598 951 quem
1632 876 1678 950 25
1705 859 1796 956 grad,
1822 859 1914 935 fiant,
1953 877 1955 882 ·

567 1053 571 1060 -
595 1006 627 1107 ς.
653 997 798 1076 ΜΜΧ..
813 998 885 1069 Sint
909 995 977 1066 duo
1002 991 1128 1084 specula
1153 989 1273 1068 ulloria
1299 985 1432 1078 aequaiis
1455 991 1710 1086 magnitudinis,
1735 992 1791 1064 sed
1813 992 1963 1068 focomm
1982 999 2087 1073 diver-

550 1109 677 1188 sorum,
702 1101 764 1171 erit
783 1095 921 1167 denbtao
950 1091 1112 1163 radiorum
1135 1085 1260 1176 major,
1285 1106 1354 1175 quo
1378 1083 1473 1155 locus
1494 1084 1541 1158 eli
1562 1091 1697 1173 minor,
1724 1090 1876 1182 adeoque
1898 1097 2086 1174 iuratione

549 1200 672 1279 inversa
697 1194 931 1272 circellorum‚
966 1188 1031 1257 hoc
1045 1185 1156 1255 'est'in
1182 1183 1307 1251 ratione
1332 1182 1453 1252 inversa
1475 1184 1706 1273 quadratorum
1729 1188 1986 1264 distantiaruma
2014 1194 2086 1286 spe.

551 1304 652 1377 culis:
676 1297 754 1368 ideo
778 1294 860 1362 viret
887 1286 1015 1356 ulloriae
1030 1282 1170 1352 duomm
1184 1298 1458 1368 quorumcunque
1484 1278 1690 1371 speculorum
1707 1281 1780 1356 sunt
1803 1287 1836 1356 in
1854 1291 1979 1360 rarione
1993 1314 2085 1361 corn·

454 1429 459 1440 ·
554 1397 680 1494 poio,
703 1411 745 1462 ex
764 1382 889 1458 direstu
907 1379 1145 1472 superficierum
1170 1375 1395 1466 speculorum,
1416 1372 1457 1447 dt
1484 1376 1605 1449 inversu
1627 1382 1753 1452 ratione
1777 1384 2009 1474 quadratorum
2025 1388 2088 1460 ῥὶς.

560 1496 752 1572 notorum,
776 1503 853 1574 quaa
874 1478 920 1550 est
941 1481 1025 1548 inter
1048 1474 1144 1547 iocos
1158 1470 1199 1564 Ιδι
1223 1471 1362 1564 specula.
1794 1513 1796 1520 .

464 1676 470 1691 .
605 1611 637 1710 d.
663 1602 814 1680 Mlllllll.
839 1602 873 1672 Si
896 1603 929 1670 in
951 1596 1079 1692 pundo
1101 1595 1133 1669 C
1157 1593 1269 1665 medio
1293 1597 1376 1666 luter
1398 1613 1545 1666 centrum
1572 1595 1693 1689 speculi
1720 1579 1771 1690 A,
1796 1597 1931 1694 ejusque
1956 1601 2088 1694 superfi-

429 1707 500 1757 '··¹·
557 1712 645 1783 ciem
666 1704 750 1788 SB,
776 1718 917 1794 ponatur
937 1697 1092 1780 radians,
1122 1692 1216 1785 hujus
1248 1690 1305 1763 lux
1327 1693 1361 1762 in
1390 1691 1483 1762 lineis
1509 1695 1669 1784 parallelis
1694 1693 1790 1783 DE,
1816 1695 1895 1770 HG
1916 1703 2088 1791 replicabi.

559 1827 632 1890 tut,
658 1797 794 1895 propter
820 1795 1036 1887 equalitatem
1063 1796 1147 1865 inter
1169 1789 1309 1886 angulos
1331 1788 1514 1859 incidentiae
1530 1787 1565 1859 dt
1580 1794 1823 1885 replicationis,
1848 1796 1999 1887 adeoque
2014 1800 2094 1866 ima.

1747 2039 1758 2074 ,
2081 2030 2093 2044 .

564 2091 856 2170 cus-iilustrandrn
1073 2123 1077 2130 ·
1396 2103 1400 2110 ·
1452 2077 1457 2088 '
1762 2095 1765 2100 ·

617 2192 699 2264 ldeo
727 2192 749 2258 li
772 2188 889 2257 fuerint
910 2184 978 2254 duo
1001 2180 1128 2272 specula
1155 2178 1309 2270 sphaerica
1329 2199 1503 2264 concava,
1535 2178 1698 2274 parallela,
1724 2181 1839 2266 infitu
1860 2179 2016 2266 adverso,
2043 2202 2094 2251 at·

449 2297 478 2345 ·'
566 2310 638 2384 que·
654 2287 770 2357 eadem
790 2280 882 2353 reela
907 2283 941 2350 in
964 2297 1141 2366 utrumque
1162 2274 1464 2366 perpendicularis,
1498 2273 1632 2346 amnieat
1655 2278 1822 2348 ambomnr
1844 2297 1979 2347 centrar
2020 2297 2092 2348 tum

567 2383 686 2460 distent
708 2378 879 2452 inter-rullo
903 2399 949 2449 oo
972 2373 1115 2466 pedum,
1139 2393 1238 2462 atque
1262 2374 1295 2441 in
1321 2369 1353 2441 C
1377 2392 1480 2461 pruna
1502 2372 1588 2442 bene
1610 2373 1715 2442 nitens
1736 2381 1872 2462 ponatur
1890 2422 1903 2456 ,
1924 2371 2017 2463 baius
2042 2377 2053 2442 i
2080 2416 2093 2429 ·

568 2488 620 2557 nis
642 2479 731 2551 exc
755 2475 882 2570 illapsus
907 2478 940 2546 in
963 2472 1127 2564 speculum
1152 2467 1248 2553 HK,
1274 2467 1481 2557 replicabitur
1503 2470 1538 2544 in
1559 2467 1652 2546 ineis
1674 2467 1852 2561 parallelis,
1875 2468 1969 2540 vadet
1989 2470 2030 2540 ad
2044 2396 2093 2542 3·

567 2587 674 2652 'terum
698 2567 928 2669 speculurir','u
951 2591 1019 2662 quo
1040 2568 1190 2641 reddetur
1214 2569 1248 2638 in
1272 2563 1384 2636 focum
1406 2564 1500 2657 buius
1527 2563 1688 2653 secundi,
1709 2570 1748 2639 in
1772 2585 1840 2659 quo
1859 2562 1965 2658 pulvis
1982 2564 2095 2658 jacens

571 2679 687 2770 pyriuu
714 2672 981 2743 inflammabitur.

593 2791 653 2902 '§.
678 2792 848 2872 MMXll.
873 2793 907 2865 Si
936 2786 1105 2883 objcdlum
1129 2788 1256 2862 radians
1279 2791 1313 2862 in
1333 2810 1448 2864 centro
1473 2791 1536 2879 A,
1567 2790 1689 2885 speculi
1714 2788 1811 2874 KH,
1837 2809 2004 2881 poaaou,
2030 2812 2102 2864 om·

443 2971 447 2979 ,
473 2917 526 2956 ·¹·
576 2921 636 2981 nes
664 2899 743 2971 radii
763 2887 1072 2987 perpendiculariter
1093 2889 1126 2957 in
1156 2887 1320 2977 speculum
1347 2887 1550 2973 illabunmr,
1582 2892 1601 2960 l
1629 2909 1697 2979 quo
1719 2889 1867 2979 replicati
1888 2889 1930 2969 ad
1953 2908 2102 2961 oenuum

575 3004 610 3076 A
630 2999 805 3080 redibunt,
830 2994 864 3058 in
891 3008 959 3075 quo
985 2988 1081 3052 etiam
1101 2983 1260 3052 formatur
1284 2989 1425 3079 imago,
1474 2984 1590 3057 roinde
1613 2984 1636 3056 fi
1662 2983 1837 3078 spectator
1857 2983 1989 3056 oculum
2012 2988 2047 3058 in
2069 2985 2102 3055 A

576 3096 742 3191 posuerit,
767 3105 882 3157 ornnes
905 3079 1013 3151 radios
1036 3098 1054 3147 a
1079 3077 1228 3167 quolibet
1249 3081 1338 3151 oculi
1361 3102 1430 3170 pun
1470 3105 1492 3152 o
1516 3086 1550 3155 in
1578 3082 1743 3174 speculum
1766 3073 1923 3154 immiss'os
1946 3084 2103 3174 recipiet,

528 3239 531 3244 -
577 3212 649 3283 quo
674 3187 812 3265 evenit,
842 3199 878 3252 ut
905 3174 1076 3267 quodlibet
1099 3175 1187 3246 oculi
1209 3173 1371 3267 punstum
1394 3177 1540 3271 ejusdem
1568 3179 1798 3277 magnitudinis
1830 3203 1869 3252 ac
1895 3178 1943 3251 est
1971 3177 2104 3273 superfi-

576 3291 648 3360 cies
669 3279 790 3375 speculi
813 3293 985 3369 appareat,
1010 3272 1086 3343 idco
1111 3271 1191 3343 nibil
1214 3272 1367 3349 distinere
1389 3297 1512 3349 cernet.

629 3412 662 3514 ς.
676 3403 870 3482 ’ΜΜΧΗΙ.
896 3401 930 3473 Si
953 3398 1122 3495 objeetum
1144 3401 1270 3476 rodiano
1290 3395 1438 3500 ponatur
1457 3410 1491 3478 in
1512 3406 1655 3499 quodam
1680 3405 1758 3480 loco
1780 3405 1977 3480 intermedio
1999 3402 2033 3496 C
2055 3406 2106 3477 in·

479 3557 488 3574 ·
522 3555 532 3577 ·
577 3534 633 3588 ter
654 3526 803 3581 centrum
826 3504 858 3573 A
881 3497 916 3571 ἃ
940 3499 977 3585 Ι,
1002 3504 1111 3598 imago
1134 3497 1260 3596 objedti
1284 3501 1317 3574 C
1342 3505 1403 3574 erit
1421 3506 1457 3576 in
1480 3504 1559 3575 loco
1583 3505 1777 3578 intermedio
1799 3524 1900 3576 axeoo
1922 3501 2104 3575 adillantie

582 3607 709 3686 infinito
730 3621 834 3693 usque
856 3600 896 3669 ad
919 3619 1065 3670 centrum
1086 3599 1141 3692 A,
1164 3598 1264 3671 veluti
1287 3601 1322 3672 in
1345 3599 1407 3672 bac
1428 3599 1530 3698 figura
1551 3601 1596 3673 est
1623 3607 1656 3674 in
1683 3599 1726 3672 Ε.
1750 3621 1826 3674 num
1856 3623 1916 3694 per
1937 3598 1970 3697 5.
2000 3619 2103 3672 nort.

582 3710 620 3785 Si
643 3703 808 3796 objedum
832 3697 956 3767 radens
975 3715 1117 3788 ponatur
1138 3699 1171 3766 in
1188 3695 1224 3781 1,
1242 3698 1360 3794 imago
1374 3695 1410 3772 fit
1424 3701 1458 3770 in
1476 3698 1605 3770 infinito
1620 3697 1809 3784 intervallo,
1835 3699 1932 3790 fiper
1948 3697 1982 3796 §.
2001 3718 2106 3770 eoru.

483 3829 487 3836 ·
580 3799 756 3896 objedlum
775 3797 873 3868 luerit
898 3797 932 3863 in
957 3797 1017 3877 A,
1034 3795 1144 3888 imago
1168 3791 1204 3862 iit
1221 3795 1256 3864 ln
1277 3794 1329 3879 A,
1355 3793 1377 3866 fi
1400 3795 1498 3892 igitur
1519 3793 1689 3888 objedlum
1715 3794 1811 3867 fuerit
1832 3798 1867 3868 in
1882 3793 1940 3881 C,
1965 3794 2046 3882 loco
2062 3796 2108 3889 in·

451 3935 470 3946 --
581 3896 748 3977 ¹‹errnedin
775 3898 858 3964 inter
886 3888 901 3959 l
927 3887 963 3961 dc
991 3889 1043 3973 A,
1067 3890 1178 3986 imago
1201 3886 1391 3969 fonnabitur
1413 3895 1448 3964 in
1469 3892 1547 3963 loco
1570 3892 1766 3964 intermedio
1781 3894 1865 3964 inter
1886 3893 1918 3964 A
1942 3888 1979 3962 dt
2002 3890 2108 3962 inlini·

585 4009 657 4075 ruia
680 3989 893 4066 intervallum.
942 3984 1031 4059 Hinc
1060 3987 1083 4057 li
1107 3990 1141 4058 in
1164 3985 1198 4059 C
1227 4008 1369 4079 ponatur
1389 3985 1518 4060 flamma
1542 3991 1708 4076 candelae,
1735 3985 1770 4060 dt
1793 3987 1904 4061 oculus
1924 3992 1959 4058 in
1981 3985 2035 4070 E,
2059 3987 2111 4072 ui·

584 4095 679 4169 debit
692 4089 855 4163 flammam
871 4105 1034 4179 occupare
1049 4104 1155 4157 totum
1169 4083 1356 4177 speculum,
1371 4086 1480 4174 ‚veluti
1502 4085 1618 4158 oculus
1639 4089 1672 4158 in
1694 4106 1807 4158 centro
1824 4084 2002 4158 Auidebat
2026 4084 2110 4152 ima·

588 4197 710 4365 llil.
728 4181 1191 4357 ridldiilllllrl
1203 4204 1330 4352 1.le
1340 4177 1803 4379 ..iliiibdulibl
1805 4175 2050 4376 dludi
2075 4175 2110 4252 ⁶¹

832 4333 843 4368 ,
1984 4329 1993 4348 .

407 4608 411 4614 ,
440 4426 554 4566 nr
591 4413 676 4583 ..i-
696 4405 899 4606 llidii
918 4400 2118 4604 ludrssrissrmr‘lrr*

486 4679 490 4684 .
562 4631 574 4660 ·=
587 4605 722 4679 diorum
753 4610 787 4678 in
819 4602 883 4689 C,
915 4599 951 4678 dt
979 4605 1126 4677 distantia
1152 4603 1221 4698 ejus
1252 4603 1323 4678 CB
1346 4627 1366 4677 a
1390 4603 1544 4700 speculo,
1570 4605 1616 4678 ad
1640 4606 1711 4678 CA
1736 4603 1915 4676 distantiam
1938 4624 1958 4672 a
1980 4619 2115 4685 centro,

592 4701 693 4778 veluti
713 4701 759 4774 eil
778 4700 866 4789 BE,
889 4700 1036 4778 distantia
1055 4699 1183 4796 obJeoi
1204 4701 1227 4778 d
1253 4703 1415 4800 speculo,
1438 4704 1480 4775 ad
1501 4703 1574 4777 EA
1599 4703 1776 4775 distantiam
1800 4701 1921 4792 obiedli
1947 4700 1967 4769 d
1988 4716 2116 4770 cenno.

644 4800 742 4877 Cum
760 4797 837 4874 BD
861 4798 899 4871 bt
918 4804 1080 4874 arcusexi
1126 4824 1195 4896 ur,
1227 4805 1290 4874 erit
1310 4799 1547 4890 EB:ED,
1568 4796 1608 4873 dt
1632 4798 1874 4877 cozeb:
1907 4800 1985 4890 quia
2007 4812 2122 4868 ortem

588 4903 729 5014 'potaiuu
751 4897 849 4994 CB,
873 4896 952 4976 CA
974 4919 1004 4973 r:
1026 4899 1055 4974 B
1103 4895 1236 4995 ,EA,
1262 4895 1437 4993 eritCD,
1462 4899 1536 4976 CA
1554 4920 1588 4974 rr
1609 4896 1708 4991 El),
1730 4898 1814 4976 EA.
1838 4891 2018 4982 arcela,
2042 4887 2121 4963 ΕΙ)
