4992 6767
522 683 703 807 'aaa
860 647 1895 773 barnuinoattenuans.
2022 605 2025 609 ’

610 890 706 987 plius
735 873 1125 973 superllitem<probantt
1158 868 1325 965 precipue
1345 872 1368 942 sr
1399 893 1505 965 prope
1532 872 1669 945 standum
1691 870 1779 944 'vasrs
1798 878 1830 947 in
1857 901 1941 969 aqua
1959 874 2158 965 fluitantem·

622 990 735 1060 limum
760 978 902 1070 ejusdem
925 978 1086 1072 gravitatis
1111 972 1348 1061 lidicroscopio
1366 971 1647 1062 contemplemur,
1684 976 1813 1060 penitus
1835 976 1985 1073 languere
2009 1008 2145 1061 veterno
2241 1060 2243 1063 ,

615 1066 884 1153 -l'in'rus'videt'ura
918 1073 1067 1163 adeoque
1091 1065 1353 1141 etiarnlluirlum
1371 1089 1393 1155 ,·
1415 1065 1520 1160 quo'd·
1533 1066 1604 1137 limi·
1627 1069 1802 1159 particulas
1824 1074 1858 1143 in
1877 1080 2050 1153 rotundum
2076 1106 2144 1161 am·

620 1180 670 1252 bit
740 1177 862 1250 uiescit·
2051 1209 2053 1214 ·

621 1260 625 1308 3
661 1199 737 1368 {aq
747 1259 1173 1357 lta-'lamellavr'r'realplana
1193 1245 1335 1358 ponitur
1350 1282 1441 1359 gusta
1462 1261 1558 1336 fluidi
1576 1255 1654 1333 Olel
1667 1260 1865 1357 Repetam,
1897 1274 2143 1376 aut··Amyg12.

611 1372 723 1447 urum
746 1367 911 1441 dulcium:
938 1362 1216 1453 hacinspiciatur
1239 1359 1470 1453 lili'eroscopio
1497 1361 1635 1430 maxime
1651 1364 1884 1453 amplificante
1901 1365 2035 1458 'cuffir,
2068 1385 2142 1471 gun

621 1485 756 1542 ramex
777 1468 953 1536 innumeris
975 1459 1324 1558 tenuillnnis--globulis
1344 1457 1408 1528 elle
1428 1458 1641 1557 compofimm
1661 1459 1826 1533 elariffime
1847 1463 2049 1555 videbimus,
2074 1496 2141 1544 non

619 1589 663 1639 ex
687 1567 816 1647 motis,
848 1563 909 1636 sed
922 1581 971 1632 ex.
985 1555 1330 1645 omnino.rranquillis
1355 1552 1653 1645 &quiescentibus
1669 1579 1685 1625 ε·
1713 1560 1805 1648 quod
1828 1559 1933 1633 solum
1954 1569 2140 1659 exemplum

618 1661 775 1736 sufficeret
795 1656 1045 1744 demonstrando
1068 1652 1208 1739 afferto,
1243 1649 1278 1722 dc
1303 1673 1371 1741 quo
1395 1653 1480 1722 cadit
1508 1650 1644 1723 aliorum
1668 1652 1940 1748 Philosophorum
1956 1663 2139 1736 sententiaa

617 1762 676 1851 qui
698 1762 785 1831 enim
805 1776 931 1827 motum
955 1752 1139 1823 intestinum
1160 1747 1388 1843 pugnaclllime
1418 1746 1621 1835 defendunt,
1655 1748 1798 1841 spectent
1826 1756 1883 1846 ipll
1916 1758 1992 1829 hoe·
2007 1761 2148 1850 oleum,¹

615 1875 750 1950 tumque
772 1853 916 1925 desinent
939 1870 1051 1921 contra
1077 1870 1139 1918 nos
1164 1847 1334 1937 disputare.
1752 1871 1770 1912 .·

644 1956 728 2032 ,σὴ
744 1953 778 2025 Si
803 1954 844 2021 itt.
864 1951 938 2044 pino
960 1949 1050 2042 pisce
1080 1944 1222 2037 liquores
1248 1964 1319 2033 per¹
1333 1944 1460 2017 canales
1493 1946 1636 2019 fluentes
1649 1998 1652 2004 .
1665 1939 1878 2030 laudatiffimo
1906 1952 2138 2046 Mitroseopio

608 2038 823 2143 inspicimus,
848 2065 915 2115 tum
931 2043 977 2134 ¹in
998 2042 1227 2137 languescente
1255 2044 1353 2132 pisce
1368 2042 1511 2132 liquores
1535 2044 1611 2112 hinc
1637 2041 1714 2113 inde
1736 2046 1768 2114 in
1782 2048 1933 2119 aesculis
1956 2040 2156 2145 stagnantes-

492 2177 495 2184 ·
604 2139 653 2227 ,dt
674 2150 877 2240 quiescentes
898 2142 1065 2234 videmus,
1091 2161 1159 2232 quo
1172 2158 1340 2231 tempore
1359 2158 1464 2210 tarsun
1489 2161 1557 2210 non
1579 2136 1727 2210 desinunt
1747 2141 1818 2212 elle.
1832 2143 1942 2230 fluidi:
1967 2148 2043 2216 ideo
2056 2171 2136 2219 con.-

610 2235 774 2316 festinr'in
797 2242 887 2332 pisce
918 2237 1072 2309 redeunte
1095 2238 1207 2331 vigore
1237 2237 1353 2308 iterum
1382 2234 1608 2326 propelluntur
1627 2283 1653 2319 ,.
1680 2232 1727 2310 δι.
1742 2239 1912 2328 perfluunt
1950 2243 2076 2315 canales
2101 2265 2137 2317 ut

611 2360 669 2414 ant

601 2440 604 2451 Ι
655 2439 661 2450 ι

669 2364 699 2413 e.

560 2520 563 2524 ¹
679 2421 711 2512 ’·’.
736 2436 895 2508 Praeterea
918 2430 1056 2529 globuli·
1073 2427 1257 2501 rubri-‘sero
1281 2432 1461 2501 innatantes
1487 2429 1712 2523 propelluntur
1734 2435 1768 2504 in
1787 2432 1865 2505 ralis
1890 2454 1982 2507 motu
2013 2441 2132 2532 tedio,

598 2536 704 2616 ‘lineis
724 2530 908 2626 parallelis,
935 2552 1002 2600 non
1027 2526 1271 2599 confunduntur
1295 2529 1379 2598 inter
1403 2527 1451 2612 se,
1483 2550 1545 2599 nec
1570 2528 1640 2600 ullo
1662 2531 1755 2600 motu
1780 2532 1923 2602 rotundo
1947 2538 2031 2605 cirea
2056 2557 2133 2606 cen·

603 2639 694 2714 aium
709 2633 786 2703 aut
807 2631 892 2699 axin·
911 2629 1233 2710 circumlatrantur,
1271 2645 1334 2697 uec
1363 2624 1468 2697 ullum·
1494 2626 1651 2701 indicium
1688 2625 1821 2722 alicujus
1854 2637 1967 2699 motus
1994 2631 2152 2704 intestini·

605 2728 772 2803 exhibent.
856 2735 859 2740 “
1356 2734 1358 2740 ’
1832 2733 1836 2740 ’

605 2833 609 2838 ’
634 2827 708 2897 ’-8“.
734 2825 881 2908 Partibus
905 2820 1002 2906 fluidi
1022 2839 1101 2890 non·
1117 2816 1370 2906 est'luperliciee
1393 2816 1539 2904 persedi'e'
1559 2813 1700 2903 pultat
1721 2837 1797 2884 nam
1825 2817 1972 2890 constant
1997 2843 2131 2914 expar-

601 2921 709 2995 ficulis
729 2922 934 2997 minoribus,
957 2936 1059 3000 poros
1083 2911 1380 2998 intercipientibus,
1406 2907 1440 2977 dt
1455 2909 1531 2977 ideo
1552 2908 1750 2997 aliquantum
1767 2913 1958 3000 inaequalem
1974 2916 2129 3008 asperant-

604 3010 891 3107 quesuperliciem
913 3006 1147 3087 efficientibus,
1173 3004 1285 3095 quales
1306 3024 1420 3075 mutuo
1441 3006 1549 3074 attritu
1573 3024 1700 3075 motum
1726 3007 1816 3080 breui
1830 3011 1978 3081 amittant
2003 3016 2130 3089 necelle

603 3110 670 3195 eli,
695 3109 862 3197 precipue
882 3102 960 3173 fila
986 3100 1065 3172 loco
1091 3103 1410 3192 quietopolranturt·
1506 3113 1520 3124 ··

650 3229 989 3326 §.²[MccxrtX1X.
1014 3229 1096 3304 Non
1118 3237 1197 3303 vero
1219 3233 1276 3324 qui
1298 3249 1360 3319 pro
1386 3245 1478 3300 motu
1499 3227 1650 3299 intestino
1674 3227 1853 3303 fluidorum
1879 3235 1983 3326 liant,
2008 3241 2129 3334 aliquid

599 3323 738 3429 praefidii
763 3333 951 3415 inveniunt,
976 3328 1144 3424 arguendo
1168 3327 1271 3399 fluida
1295 3325 1326 3396 se
1348 3323 1459 3395 alienis
1484 3322 1606 3421 'figuris
1625 3331 1883 3401 accommodare.
1935 3354 1984 3404 aa.
2009 3336 2130 3412 Fluida

598 3453 682 3526 eum
705 3428 774 3499 aliis
805 3427 919 3526 fluidis!
948 3429 1087 3500 misceri.
1145 3436 1196 3591 2⁰.
1228 3423 1310 3498 Non
1339 3424 1407 3502 dari
1442 3421 1635 3493 fluiditatem
1665 3423 1730 3494 fine
1754 3447 1844 3514 certo
1875 3431 1975 3523 gradu
1999 3435 2126 3508 caloris.

596 3534 653 3620 ⁹4⁰.
674 3523 832 3617 Corpora
854 3547 927 3616 quae
953 3527 985 3594 in
1010 3522 1120 3594 fluidis
1158 3523 1327 3604 oluuntur,
1352 3519 1490 3608 probare
1512 3533 1618 3608 partes
1636 3520 1825 3594 'fluidorum
1851 3525 1914 3596 ell'e
1940 3531 1973 3599 in
1996 3552 2100 3603 motu.

483 3695 486 3702 ,
597 3631 604 3641 “
635 3619 752 3696 Hisce
766 3626 873 3696 enim,
884 3621 1114 3712 respondetur,
1141 3617 1176 3690 δι
1200 3617 1334 3709 quidem
1355 3616 1395 3686 ad
1417 3621 1554 3707 primam
1569 3616 1809 3710 objediionem,
1835 3643 1902 3694 non
1920 3627 2030 3722 'negari
2048 3628 2124 3701 flul*

597 3719 726 3815 fdorunr·
749 3739 855 3812 partes
878 3720 960 3811 saepe
986 3713 1083 3812 &ab
1106 3718 1223 3816 ‘exigua
1244 3714 1498 3816 caesarianum:
1522 3714 1587 3781 Sed
1611 3736 1665 3783 eas
1688 3715 1812 3807 semper
1836 3725 1987 3807 moveri,
2011 3746 2124 3815 quarn·

598 3817 657 3918 diu
677 3816 817 3912 *fluidam
842 3809 971 3886 malfam
992 3826 1224 3904 componunt,
1255 3823 1436 3896 repugnare
1457 3804 1733 3876 observationibus
1761 3806 1855 3881 dntea
1882 3815 2008 3886 allatis:
2042 3822 2123 3917 Quo

597 3929 748 4003 tempore
768 3908 907 3982 fluidum
925 3905 986 4002 vali
1006 3902 1206 3986 infunditur,
1232 3899 1264 3970 se
1283 3897 1512 3969 accommodat
1531 3896 1645 3991 lignrae
1671 3901 1770 3986 vafis,
1797 3926 1968 3991 movetur,
1993 3935 2124 3986 accom.

453 3997 458 4017 ‘
599 4009 788 4108 modarione
803 4001 963 4100 perani,
983 3991 1566 4101 proptetattritum‚&·attradlionem
1584 3997 1724 4085 partium
1737 3999 1901 4100 *gradatim
1926 4023 2055 4098 torpere
2071 4013 2123 4083 in·‘

598 4099 698 4200 cipio,
723 4097 830 4176 donec
854 4095 1101 4173 obdormiscens
1122 4097 1259 4171 tandem?
1279 4092 1428 4184 ‘lilim‘
1515 4095 1519 4100 ⁵

604 4215 620 4240 ·¹
636 4199 701 4274 'Ad
721 4199 892 4271 secundam
917 4195 1136 4291 'objectionem
1152 4191 1201 4261 re'
1216 4194 1341 4261 eritur:
1375 4185 1528 4289 Quando
1548 4188 1687 4262 fluidum
1715 4213 1792 4264 cum
1817 4192 1925 4268 fluido
1947 4205 2119 4295 miscetur,

593 4293 705 4373 r'eve'rr
725 4289 890 4370 movetur:
916 4291 1056 4364 mixturd
1079 4312 1156 4380 peta
1228 4286 1350 4378 sopitur
1367 4306 1497 4371 motus,
1523 4286 1632 4358 donec
1660 4288 1768 4362 nullos
1790 4290 1935 4383 superfit:
1969 4298 2021 4372 sed
2044 4324 2118 4393 pera

596 4398 771 4474 mixtiones
797 4415 865 4472 non
892 4391 976 4460 adeo
998 4387 1145 4465 celeriter
1167 4385 1311 4477 perlici,
1342 4405 1381 4454 ac
1409 4384 1525 4475 opinio
1550 4383 1632 4473 fert,
1656 4389 1874 4478 probaverunt
1895 4393 1937 4463 de
1958 4393 2060 4470 Lanis
2083 4398 2119 4471 dt

596 4489 774 4565 nemius
798 4489 820 4583 (
829 4513 851 4561 a
862 4492 914 4581 ).‚
944 4482 1034 4556 vino
1058 4481 1286 4556 enim-'Italico
1307 4481 1407 4553 rubro
1433 4476 1469 4551 dt
1490 4482 1578 4577 gravi
1596 4502 1680 4574 aqua
1706 4482 1821 4556 leniter
1843 4487 1905 4560 fuit
1927 4490 2054 4583 affusa,
2080 4496 2137 4569 &a

594 4587 756 4679 inquieto
778 4587 855 4659 1000
871 4583 992 4676 pofita,
1016 4583 1119 4668 modo
1139 4580 1289 4674 permista
1312 4599 1388 4651 curn
1413 4575 1503 4650 Vino
1527 4578 1588 4650 fuit
1609 4579 1682 4669 post
1711 4583 1766 4654 18.
1791 4584 1926 4657 menses.
1979 4590 2116 4667 Tindiu·

588 4707 637 4788 φ
661 4686 754 4794 cqpfi
774 4686 810 4762 in
825 4703 913 4788 ¹‚tritta
930 4680 1026 4786 forti,
1049 4680 1116 4756 alto
1134 4679 1216 4756 tubo
1231 4676 1376 4800 injectae,
1401 4673 1499 4756 effusa
1515 4673 1576 4758 fuit
1596 4698 1704 4776 aqua3
1720 4679 1799 4764 ,hac
1823 4680 2055 4781 aliquantalum
2072 4692 2117 4764 ad

620 4847 639 4862 ..
728 4811 735 4819 ,
825 4809 829 4816 ,
875 4811 878 4816 ,
1105 4807 1110 4818 ,
1202 4814 1211 4822 .
1362 4817 1364 4822 .
1508 4813 1541 4866 ,¹
2047 4788 2118 4869 aln‘v

668 4949 1407 5093 dt>Gobneattnllandaivolt1tl⁸blssi⁵
1551 4919 1553 4924 v
