4992 6767
570 671 679 772 uu
739 667 1229 766 murronis
1285 672 1646 792 nonnisi
1778 703 1863 798 9„

341 905 438 970 arva,
465 900 538 974 quae
563 877 663 949 indici
686 870 850 966 horologii
870 857 1028 961 portatilis
1050 868 1198 964 tegendae
1215 869 1371 959 serviunt,
1394 878 1501 967 cepit,
1526 879 1623 958 unius
1637 876 1774 950 limbum
1788 905 1857 956 am·

339 983 449 1054 biebat
473 975 610 1048 annulus
632 974 755 1068 argenti
777 965 891 1058 politi,
916 965 1004 1036 hunc
1025 969 1142 1056 patiuae
1162 969 1353 1060 imponebat
1376 993 1557 1070 argenteae,
1582 975 1674 1047 utin
1698 997 1781 1049 cavo
1804 1001 1859 1051 ro·

339 1098 407 1149 rem
433 1079 584 1166 excipere
606 1069 740 1162 posl'et;
775 1063 911 1164 alterurn
937 1067 970 1132 in
992 1064 1101 1153 patina
1120 1063 1282 1154 myrrhina
1304 1067 1411 1160 posuit
1431 1068 1487 1141 sub
1511 1071 1596 1142 dio:
1630 1073 1722 1164 quod
1743 1077 1860 1148 vitrunr

337 1174 463 1267 jacebat
488 1175 524 1242 in·
543 1167 704 1258 myrrhina
729 1163 838 1255 patina
861 1157 1009 1250 sextuplo
1032 1158 1105 1252 plus
1125 1164 1207 1234 roris
1232 1163 1427 1261 colligebat,
1452 1189 1548 1259 quarn
1574 1169 1673 1260 quod·
1680 1167 1807 1262 jacebat
1823 1173 1859 1244 in

339 1290 510 1366 argentea:
542 1281 697 1359 preterea
716 1255 855 1331 annulus
878 1275 1048 1352 argenteus
1072 1256 1233 1348 repulerat
1258 1281 1366 1332 rorem
1388 1263 1429 1334 ad
1451 1265 1629 1338 distantiam
1653 1287 1675 1358 5
1698 1265 1858 1341 linearum

340 1389 359 1437 a
380 1369 483 1438 limbo
508 1367 602 1454 vitri,
626 1359 711 1431 adeo
734 1375 770 1428 ut
790 1353 857 1425 hoc
883 1357 968 1426 circa
987 1354 1142 1425 annulum
1166 1355 1400 1448 relinqueretur
1422 1359 1552 1432 siccum.

388 1461 522 1534 Deinde
545 1459 650 1532 sumsit
675 1455 826 1526 laminam
843 1473 967 1522 aeneam
986 1449 1120 1540 politam
1148 1451 1172 1522 6
1188 1452 1272 1542 poll.
1296 1455 1456 1552 longam,
1478 1477 1497 1550 3
1513 1459 1596 1550 poll.
1616 1460 1733 1555 latam,
1749 1458 1784 1532 ὅ(
1800 1485 1859 1554 pa·

340 1581 407 1630 rem
432 1559 583 1630 laminam
604 1557 763 1637 vitream,
794 1567 963 1637 utramque
983 1547 1074 1638 juxta
1100 1547 1131 1616 se
1154 1550 1187 1618 in
1210 1549 1366 1624 ullercul'o
1398 1553 1540 1645 posuit,
1569 1559 1667 1628 vitrea
1698 1559 1859 1631 contraxit
1946 1569 1951 1574 '

338 1655 490 1740 Rorem,
515 1653 606 1746 cujus
628 1671 745 1742 expers
768 1643 879 1716 mansit
902 1663 1015 1726 aenea,
1048 1663 1118 1714 tum
1140 1663 1310 1737 utramque
1332 1649 1482 1721 laminam
1507 1651 1568 1722 alia
1592 1654 1690 1724 vitrea
1712 1654 1858 1742 obtexit,

339 1753 434 1844 hujus
459 1773 554 1843 pars,
580 1771 653 1842 quae
677 1745 804 1838 jacebat
826 1742 859 1811 in
886 1759 971 1824 aere,
996 1760 1064 1808 non
1090 1742 1249 1809 contraxit
1275 1741 1432 1830 Rorem,
1466 1768 1540 1838 que
1569 1768 1691 1820 texerat
1718 1751 1862 1838 vitrum,

341 1850 485 1920 rorabat:
514 1850 598 1919 adeo
622 1865 657 1918 ut
674 1845 722 1914 vis
745 1842 816 1912 terit
836 1857 944 1908 torem
965 1832 1125 1926 repellens
1149 1835 1302 1908 transterit
1324 1842 1453 1910 vitrum.
1486 1841 1551 1912 Sed
1574 1843 1641 1914 hoc
1658 1850 1861 1934 experimen·

340 1963 409 2016 tum
433 1943 554 2035 Leydae
576 1961 749 2033 nunquam·
767 1932 926 2017 succedit,
952 1933 1026 2023 qula
1043 1949 1136 2022 aeque
1153 1951 1198 2000 aes
1212 1929 1342 2003 Rorem
1361 1937 1408 2004 ibi
1430 1935 1496 2005 coll
1545 1959 1577 2021 t,
1601 1961 1698 2028 quam
1720 1944 1859 2028 vitrum,

338 2045 387 2112 uti
408 2062 559 2135 expertus
582 2042 661 2110 sum.
711 2028 952 2105 infundibulum
974 2028 1138 2099 stanneum
1161 2025 1259 2098 crassa
1283 2033 1411 2101 vernice
1438 2051 1479 2102 ex
1498 1957 1643 2104 ¹gummi
1667 2031 1776 2106 Lacca
1799 2041 1861 2108 ob·-

338 2138 450 2221 duxit,
475 2139 591 2207 innoc
618 2131 690 2202 Ros
708 2127 813 2221 lapsue
835 2125 903 2212 eli,
929 2127 1075 2217 quamtis
1096 2121 1198 2209 duplo
1223 2127 1344 2196 minori
1357 2129 1476 2218 copia,
1499 2147 1596 2217 quam
1616 2131 1649 2202 in
1666 2131 1791 2222 aequale
1807 2136 1859 2204 ina

337 2231 540 2304 fundibulum
566 2227 747 2321 vitremn(
785 2225 818 2316 ).

382 2377 437 2450 Ex
461 2381 554 2446 corio
579 2370 747 2462 quadratas
769 2363 903 2435 laminas
933 2380 1082 2434 accurate
1106 2381 1199 2455 pares
1219 2361 1366 2452 exsolui,
1399 2363 1570 2457 quodlibet
1592 2367 1673 2440 lutus
1695 2390 1762 2446 erat
1788 2345 1862 2492 8}

335 2523 449 2614 pollic.
476 2519 653 2590 Coriorum
677 2533 751 2604 pars
775 2509 918 2581 colorata
939 2508 1071 2582 obversa
1101 2529 1170 2582 erat
1196 2509 1312 2591 coelo,
1338 2511 1489 2604 jacebant
1519 2516 1552 2586 in
1586 2514 1713 2586 lamella
1742 2537 1860 2618 magna

337 2618 538 2705 orichalcea,
565 2634 636 2704 que
662 2607 827 2682 intabuit
846 2627 915 2676 erat
936 2606 976 2676 ad
1005 2627 1026 2699 3
1051 2605 1192 2699 pedesa
1219 2607 1288 2681 solo
1307 2607 1475 2703 Ultrajefii
1489 2611 1523 2682 in
1544 2613 1665 2702 horto,
1689 2633 1759 2688 tum
1775 2631 1859 2691 noe·

338 2729 370 2782 te
394 2718 475 2786 roris
498 2711 684 2806 sequentem
710 2708 841 2799 copiam
861 2703 1074 2800 collegerunt.

614 2831 753 2907 Corium
778 2829 930 2902 Rubrum
956 2827 1135 2928 'surcicum
1265 2854 1316 2929 gr.
1348 2833 1416 2924 84.-

778 2925 915 3000 Flavum
940 2923 1118 2998 'lurcicum
1271 2950 1321 3024 gt.
1348 2929 1408 3020 84.

778 3021 971 3095 Coeruleum
996 3021 1174 3096 Tutclcum
1274 3045 1324 3120 gt.
1351 3043 1423 3115 24,

770 3116 914 3215 Nigrum
942 3114 1152 3208 Hispaniense
1268 3141 1318 3216 gr.
1346 3140 1410 3210 34..

774 3214 922 3310 Nigrum
948 3212 1092 3284 Carnoes
1117 3215 1240 3286 dietum
1266 3237 1316 3310 gr.
1344 3234 1415 3306 34..

782 3311 938 3384 Rubrum
963 3308 1139 3382 Prufficum
1266 3333 1316 3407 gr.
1342 3331 1402 3404 47.

776 3405 964 3478 Vitulinum
989 3429 1058 3480 uon
1083 3409 1218 3482 nubum
1260 3431 1310 3506 gr.
1335 3427 1395 3502 73.

382 3539 460 3609 Nec
479 3533 561 3607 corii
584 3526 757 3608 craffities,
784 3545 847 3590 nec
872 3525 1025 3604 durities,
1050 3549 1112 3594 nec
1135 3528 1316 3612 porosrtas,
1341 3549 1404 3598 nec
1428 3529 1561 3602 firmitas
1583 3534 1676 3606 causa
1697 3535 1768 3608 haee
1790 3540 1858 3612 dis»

336 3634 478 3705 criminis
501 3633 536 3695 in
558 3624 652 3692 Rore
677 3617 757 3701 suit3
785 3613 839 3684 sed
863 3632 987 3684 tantum
1009 3615 1129 3688 diversa
1156 3621 1203 3688 vis
1224 3617 1396 3690 attrahens.
1446 3621 1548 3693 Sumsr
1571 3628 1713 3714 capsulas
1734 3633 1858 3724 ligneas

336 3724 531 3805 siccissimas,
560 3732 707 3787 accurate
731 3708 892 3803 aequales,
917 3712 1092 3796 rotundas,
1116 3735 1230 3805 parunt
1256 3715 1354 3801 altas,
1380 3739 1459 3810 quas
1483 3721 1670 3795 intrinsecus
1686 3727 1779 3793 variis
1800 3745 1859 3796 co·

337 3825 462 3895 loribus
487 3821 684 3910 pinxeram;
715 3807 766 3879 hae
792 3805 849 3877 sub
874 3806 1063 3898 diopofitae
1085 3812 1119 3880 in
1141 3811 1266 3882 lamina.
1285 3813 1465 3888 orichalcea
1482 3814 1679 3908 jacuerunt,
1714 3815 1748 3892 ἃ
1778 3819 1856 3894 dut·

338 3923 400 3991 bue
423 3917 511 3990 boris
533 3909 699 3986 noslurnis
723 3903 859 3995 sequens
881 3903 1010 3994 pondus
1031 3903 1132 3978 Roris
1156 3907 1386 4006 collegerunre.

751 4025 841 4099 pisti
866 4027 1056 4103 cinnabari·
1192 4055 1243 4130 gr.
1296 4035 1425 4128 7,619.

864 4128 1105 4220 Auripgmento
1301 4131 1403 4220 8,31;

867 4219 1024 4293 Masticot
1297 4224 1333 4305 6,
1343 4245 1443 4314 942..

868 4316 973 4389 Viridi
998 4320 1069 4389 tris
1277 4321 1441 4416 13,627..

864 4415 1023 4490 Coeruleo
1044 4413 1248 4490 Betolinetrsi
1276 4437 1334 4502 to,
1346 4418 1439 4510 384v

863 4511 973 4586 Lacca
995 4511 1166 4586 florentina
1292 4514 1330 4604 6,
1342 4537 1428 4606 242.

862 4609 1016 4706 Fuligine
1040 4614 1130 4708 nigra
1270 4633 1328 4706 13,
1337 4631 1421 4707 559.

862 4705 997 4778 Cerussa
1290 4729 1326 4800 5,
1339 4733 1374 4797 α,

862 4802 948 4874 Non
970 4806 1055 4896 pisia
1274 4827 1330 4897 14,
1342 4829 1440 4906 403„.

408 4999 467 5084 (a)
486 4994 639 5067 i’fliti'oie
660 4995 697 5062 de
718 4993 833 5065 i'lcad'.
853 4995 931 5079 lior.
956 4995 1011 5066 A'o.
1029 5007 1157 5156 17³in
1179 5082 1212 5156 ii
1236 5084 1268 5157 ii
1295 5099 1318 5178 3
