4992 6767
559 687 642 796 990·
781 643 1862 763 ommstaoatsaquats.

561 882 619 952 bet
642 872 760 964 hyeme
782 864 915 960 exposui
948 860 1045 960 gelu,
1073 875 1110 930 ut
1139 857 1173 927 in
1199 850 1337 949 glaciem
1357 857 1556 959 uerteretur,
1581 840 1685 937 spatio
1705 866 1753 936 24
1776 861 1938 921 annorum
1958 853 2105 929 tenant·

560 971 700 1049 eundem
723 970 894 1061 saporem,
920 959 955 1033 δι
983 958 1143 1041 odorem,
1167 971 1263 1041 aeque
1287 940 1445 1035 limpidus
1467 936 1503 1012 bt
1523 962 1623 1036 putus
1643 941 1793 1034 perstitit,

611 1101 643 1200 §.
668 1086 981 1173 MMCCXLVIll.
1014 1082 1117 1155 Prout
1139 1080 1237 1174 igitur
1262 1091 1397 1166 partes,
1429 1091 1503 1162 qua
1524 1067 1652 1165 Rorem
1675 1069 1847 1162 efficiunt,
1881 1071 2089 1169 discrepant,

561 1200 665 1274 Roris
689 1193 857 1288 qualitates
882 1183 1051 1265 different·,
1078 1173 1114 1246 bt
1138 1175 1241 1269 magis
1265 1172 1411 1240 minusve
1432 1165 1598 1240 insalubris
1611 1166 1820 1257 hominibus,
1845 1166 2090 1245 &animalibus

562 1300 640 1369 en't:
667 1291 742 1364 Ros
768 1290 886 1360 excitat
910 1273 1153 1369 Ophthalmiam
1180 1274 1213 1339 in
1233 1268 1314 1339 urbe
1335 1264 1469 1358 Alepo‚
1495 1267 1572 1355 quia
1592 1266 1709 1338 incolae
1730 1266 1899 1340 dormiunt
1924 1267 1980 1339 sub
2004 1268 2088 1357 tiio,

564 1392 655 1467 &in
677 1390 768 1460 testis
789 1382 930 1461 adium,
963 1370 1108 1444 tradente
1135 1362 1262 1438 Rullel.
1288 1361 1363 1455 (a)
1396 1361 1538 1433 creditur
1568 1366 1665 1435 etiam
1694 1365 1878 1456 producere
1904 1361 2013 1436 febres
2036 1388 2088 1437 ar·

563 1491 698 1569 dentes,
724 1479 759 1552 ἀ
787 1472 1001 1564 Dysenterias·
1018 1464 1193 1536 secundum
1215 1456 1454 1532 Hoffmaonum
1480 1457 1561 1557 (b).
1594 1458 1769 1534 Melnoriae
1795 1465 1892 1532 etiarn
1915 1462 2086 1552 proditum

561 1585 679 1655 Scabie
699 1599 758 1648 eos
782 1573 924 1661 corripi,
949 1568 1005 1658 qui
1029 1561 1113 1654 saepe
1134 1562 1167 1632 in
1188 1557 1346 1630 arboretis
1368 1555 1575 1627 vehementer
1592 1560 1775 1628 somatibus
1800 1556 1971 1649 spatiantur
1995 1558 2082 1653 (c).

561 1698 618 1751 aut
643 1675 667 1746 st
691 1691 807 1763 aquam
825 1689 866 1738 ex
881 1684 955 1736 rore
973 1659 1142 1733 callebam
1169 1674 1284 1750 potant
1310 1651 1402 1745 (d).
1427 1651 1552 1723 Arabes
1575 1650 1716 1723 alletunt
1738 1651 1884 1740 Ovium,
1901 1650 1937 1725 bt
1955 1653 2085 1746 Capro·

559 1796 633 1847 rutn
655 1790 783 1843 ventres
807 1766 829 1839 a
854 1763 948 1833 Rore
971 1758 1136 1850 proaulio
1162 1750 1303 1824 diffindi:
1330 1749 1477 1820 Thomas
1503 1747 1758 1839 Cantipretenlis
1778 1754 1925 1836 monuit,
1950 1772 1993 1821 ae
2011 1756 2083 1843 opi·

559 1871 690 1955 liones,
714 1863 750 1938 ἃ
774 1859 909 1955 caprarii
930 1853 1093 1949 pecudem
1118 1854 1151 1923 in
1175 1869 1271 1946 agros
1290 1845 1435 1920 roscidas
1457 1842 1584 1918 summo
1601 1866 1827 1945 maneagant,
1853 1850 1930 1941 quia
1944 1845 2019 1920 Ros
2037 1852 2084 1920 ai·

560 1990 638 2042 vum
661 1968 744 2049 ciet,
770 1956 931 2032 interdum
954 1970 1058 2043 usque
1079 1948 1121 2019 ad
1142 1963 1294 2018 mortem.

565 2079 570 2086 ’
608 2085 642 2184 5.
670 2071 987 2155 MMCCCXLIX.
1013 2069 1089 2142 Ros
1110 2071 1207 2139 etiam
1234 2064 1342 2137 differt
1367 2063 1545 2137 admodum
1567 2065 1627 2140 hac
1648 2067 1844 2160 proprietate
1860 2114 1882 2150 ,.
1903 2067 2002 2157 quod
2024 2071 2089 2160 fir,

559 2187 617 2279 qui
639 2181 757 2251 labitur
778 2180 812 2245 in
835 2175 946 2245 omnia
971 2187 1111 2257 corpora
1132 2163 1253 2254 absque
1277 2162 1483 2242 discrimine,
1511 2157 1547 2231 bt
1571 2161 1784 2255 aequabiliter,
1807 2180 1980 2253 pettotam
1999 2187 2085 2239 cor·

584 2299 677 2351 orum
702 2270 924 2362 superficiem,
949 2284 1053 2355 eaque
1074 2261 1258 2344 humeilat,
1284 2257 1384 2330 veluti
1405 2257 1450 2328 est
1474 2255 1549 2329 Ros
1569 2256 1763 2347 Leydenlim
1784 2278 1859 2327 nam
1882 2257 1993 2328 mense
2014 2261 2079 2352 Ju-

555 2305 680 2460 fla&
705 2365 853 2465 Augusto
877 2367 959 2435 inter
983 2362 1065 2430 tetta
1090 2356 1209 2429 aedium
1234 2357 1410 2427 vicinarum
1429 2358 1462 2425 in
1485 2354 1649 2426 canalibus
1663 2353 1844 2445 plumbeis,
1868 2352 2086 2442 quipluviam

557 2475 720 2544 teliorum
745 2464 930 2554 excipiunt,
955 2458 1062 2528 omnis
1087 2455 1214 2549 generis
1234 2473 1376 2543 corpora
1398 2452 1490 2541 posui
1516 2450 1572 2524 sub
1597 2452 1681 2537 dio,
1713 2450 1878 2520 inomnia
1903 2446 2010 2539 lapsus
2035 2457 2089 2529 est

560 2568 655 2644 Ros:
681 2568 716 2636 in
740 2560 838 2632 horto
866 2574 955 2629 extra
976 2553 1089 2625 urbem
1116 2551 1232 2641 repetii
1255 2551 1494 2641 experimenta,
1519 2551 1553 2623 in
1574 2551 1685 2621 omnia
1708 2566 1858 2638 corpora.
1869 2545 1925 2616 sub
1943 2545 2002 2619 dio
2021 2572 2084 2644 po·
2138 2621 2141 2628 ,

557 2669 616 2788 bra
636 2714 671 2784 in
693 2706 801 2781 tabula
827 2670 919 2822 αξ.
943 2700 1046 2795 pedes
1069 2698 1132 2770 alta
1157 2694 1277 2768 cecidit
1297 2693 1393 2769 Ros:
1426 2716 1488 2770 nec
1510 2695 1652 2771 aflorum
1673 2697 1721 2770 vis
1750 2694 1911 2787 repellens
1937 2696 1956 2768 l
1989 2697 2086 2774 Rure

558 2857 697 2950 humido
719 2875 860 2946 corpora
884 2846 1039 2921 defendit.
1090 2844 1181 2920 Cum
1204 2848 1240 2917 in
1267 2841 1392 2933 Hulila,
1416 2865 1506 2939 parte
1532 2840 1740 2933 Germaniae,
1765 2849 1799 2921 in
1821 2867 1885 2938 qua
1908 2843 1964 2920 Cl.
1983 2846 2087 2923 Gors-

559 2977 617 3031 ten
641 2954 862 3046 experimenta
881 2946 978 3029 fecit,
1004 2943 1080 3015 Ros
1106 2966 1175 3015 non
1198 2944 1308 3039 irriget
1331 2965 1497 3036 corpora,
1534 2966 1608 3037 quae
1632 2941 1741 3037 jacent
1763 2948 1797 3018 ia
1819 2941 1943 3016 laminis
1965 2949 2080 3019 metal-¹

556 3055 630 3132 licis
651 3049 828 3135 tabulisve,
853 3043 929 3115 inde
953 3041 1081 3128 Rorem
1105 3063 1174 3112 non
1209 3040 1384 3113 deciduum
1409 3040 1472 3111 effe
1494 3039 1556 3112 Vir
1578 3040 1633 3112 el.
1658 3040 1821 3140 collegit,
1852 3038 1887 3113 bt
1911 3041 1998 3116 haud
2021 3045 2080 3117 du·

557 3152 615 3226 bie
638 3147 725 3219 reae
745 3140 904 3214 conclufit
925 3140 960 3209 in
984 3158 1026 3210 eo
1047 3137 1137 3209 loco.
1187 3135 1356 3229 Ultrajeili
1380 3136 1455 3210 Ros
1472 3159 1541 3211 non
1566 3137 1683 3210 labitur
1706 3139 1740 3211 in
1754 3141 1895 3232 paa'nam
1914 3141 2085 3228 Auream,

555 3247 609 3320 Ar
631 3261 781 3322 enteam,
806 3238 1002 3321 stanneam,
1025 3233 1198 3319 AE'neam,
1222 3232 1473 3321 Orichalceam,
1496 3233 1648 3307 Ferream
1673 3234 1832 3327 politam,
1859 3235 2080 3325 Plumbeam,

555 3266 663 3437 pofite
683 3336 783 3409 tusam
804 3334 950 3406 Patinam
974 3353 1014 3404 ex
1034 3329 1229 3417 Bismutho‚
1253 3351 1296 3402 ex
1313 3331 1439 3419 Zinco,
1459 3353 1525 3403 nec
1548 3335 1582 3404 ia
1606 3330 1838 3417 Mercurium,
1859 3352 1919 3404 nec
1938 3336 1972 3405 in
1987 3334 2066 3427 lapi·

556 3438 635 3512 dem
662 3432 802 3526 politum
826 3429 1006 3505 coeruleum
1034 3425 1308 3503 Namurcensem:
1336 3429 1389 3499 sed
1419 3429 1504 3499 cadit
1530 3432 1564 3499 in
1593 3425 1730 3502 Ferrum
1754 3430 1857 3517 rude,
1889 3431 1926 3501 in
1947 3429 2070 3505 ferrum

555 3535 704 3628 picium,
728 3531 763 3602 iu
787 3528 906 3602 serrum
932 3527 1057 3598 Summo
1079 3526 1281 3606 obduttum,
1306 3527 1339 3593 in
1355 3522 1491 3618 Ligna,¹
1506 3528 1539 3593 in
1556 3524 1730 3614 plumbum
1743 3528 1845 3606 rade,
1868 3529 1902 3598 in
1917 3524 2078 3619 Lapidem

555 3629 737 3713 aedulium,
764 3627 954 3709 inviarum,
982 3625 1015 3692 in
1040 3619 1110 3694 vasu
1131 3618 1314 3709 myrrhina,
1339 3622 1373 3689 in
1395 3622 1512 3693 vitrum
1536 3617 1811 3710 Muscoviticum,
1836 3624 1872 3694 in
1897 3627 2008 3696 omnia
2034 3646 2077 3697 te·

554 3729 669 3825 graina
691 3724 808 3807 serica,
833 3722 869 3792 in
890 3740 1016 3811 pannos
1039 3736 1257 3808 quoscunque
1282 3715 1395 3789 laneos
1410 3766 1430 3801 ,.
1447 3737 1647 3803 cotoneum,
1671 3722 1825 3806 corium,
1851 3722 1887 3792 ia
1912 3742 2076 3818 pergamus

557 3844 660 3907 num,
683 3820 843 3904 linteum,
869 3816 932 3888 five
951 3834 1090 3905 purum,
1116 3812 1181 3883 live
1205 3815 1359 3903 unllam,
1385 3814 1448 3884 live
1472 3816 1614 3906 pitirum,
1639 3811 1725 3887 &in
1742 3816 1887 3890 chartam
1902 3839 2077 3911 quamma-

560 3937 647 4009 que,
673 3917 862 4004 inaquam,
888 3914 923 3984 in
941 3929 1055 3982 terram
1070 3908 1206 3996 accam,
1230 3913 1398 3984 interram
1423 3910 1611 3999 humidam,
1632 3914 1678 3985 in.
1691 3911 1834 3987 Tabulas
1855 3915 1983 4012 ligneas
2002 3918 2082 3991 oleo

558 4010 636 4084 Lini
650 4011 772 4105 pietas,
797 4030 854 4081 aut
877 4005 1020 4080 Vernice
1047 4005 1176 4079 oblitas.
1225 4005 1292 4079 Sed
1325 4008 1428 4081 modo
1457 4029 1559 4101 pauca
1589 4029 1727 4102 corpora
1750 3999 1960 4100 examrnan,
1984 4016 2078 4089 restat

556 4130 659 4183 omne
674 4128 779 4206 genus
798 4107 946 4198 corporis
969 4103 1053 4176 firmi
1079 4099 1123 4174 ἃ·
1136 4100 1241 4176 fluidi·
1254 4106 1522 4192 examinandum,
1548 4108 1763 4203 utdetegatur
1779 4109 1817 4181 in
1831 4129 1982 4200 quaeaaar
2002 4134 2082 4183 cor·

559 4224 642 4302 pora
655 4228 710 4280 rsa
729 4203 876 4373 laubatur,
901 4222 1046 4276 autnon
1069 4200 1193 4276 labatur
1209 4224 1222 4290 ς
1256 4204 1319 4275 five
1345 4225 1494 4297 quamam
1518 4225 1657 4298 corpora
1678 4225 1786 4279 rorem
1809 4206 1956 4291 nabent,
1983 4230 2076 4298 quae

559 4324 637 4396 pam
658 4321 736 4397 repe
780 4322 827 4374 nt.

607 4416 739 4503 liorem
760 4413 938 4498 Baianum
959 4413 1095 4491 limiletn
1121 4413 1191 4497 fere
1213 4411 1428 4522 Ultrajeiiiao
1449 4416 1627 4499 observarit
1646 4418 1692 4496 du
1707 4418 1793 4520 Fas,
1815 4417 1883 4497 buo
1897 4419 1979 4498 rita
1994 4444 2084 4508 con«.

1982 4544 2092 4619 tata),

656 4705 691 4774 ai
712 4705 835 4770 Natural
856 4693 941 4775 Hillo
1000 4712 1038 4774 oi
1051 4710 1162 4789 Alepo.
1181 4723 1248 4790 pag.
1268 4724 1337 4787 1³7⁶

656 4785 784 4863 i)8st·
806 4788 917 4851 Medic.
968 4806 1166 4867 om.a.p.a.
1254 4825 1257 4831 -
1312 4796 1316 4803 '

632 4865 695 5026 at
711 4805 879 5012 rita
893 4867 1338 5032 rotarat-,a
1364 4959 1406 5025 2,
