4992 6767
585 671 882 778 ,pron
950 670 1058 760 nn
1141 671 1508 762 vaurts
1613 681 1618 688 ·
1757 687 1864 787 nn

348 951 350 956 ,
381 877 413 977 5.
440 868 657 949 MMLXXI.
682 870 809 944 Ventus
833 867 1002 967 generalis
1017 866 1125 942 Eurus
1148 892 1208 964 per
1229 893 1333 945 totum
1356 876 1432 945 anni
1452 870 1619 944 decursum
1636 872 1731 963 spirat
1756 878 1789 945 in
1805 874 1854 946 0-

331 999 436 1053 ceano
463 975 577 1046 ludico
601 993 621 1041 a
643 969 811 1043 latitudIne
832 965 971 1039 Australi
1004 990 1046 1039 ro
1070 969 1160 1065 grad.
1185 972 1226 1043 ad
1247 993 1293 1064 30
1319 972 1408 1067 grad.
1434 973 1475 1042 ab
1500 970 1598 1041 insula
1613 968 1691 1042 Divi
1707 971 1851 1045 Lauren·

331 1082 390 1159 tii,
411 1076 472 1144 srve
490 1068 701 1166 Modogascar
719 1067 875 1158 usquead
891 1063 1024 1156 javam,
1046 1068 1293 1159 adjacentesque
1310 1069 1543 1141 Orientaliores
1561 1068 1696 1155 inlitlus,
1714 1069 1748 1141 ὅ(
1767 1070 1853 1141 Hol-

328 1174 469 1244 lantliurn
497 1191 636 1240 novam:
659 1166 712 1237 hic
733 1162 842 1237 Eurus
867 1184 973 1237 tamen
995 1165 1170 1257 aliquando
1196 1169 1297 1260 paulu
1321 1171 1457 1263 propius
1485 1167 1527 1239 ad
1553 1167 1767 1241 Subsolanum
1790 1188 1854 1239 ac‘

327 1270 437 1354 cedit,
462 1266 636 1356 aliquando
661 1262 828 1334 aemulatur
853 1262 1066 1354 Aquilonem.

376 1405 407 1501 s.
435 1393 704 1473 uturunxxll.
729 1392 904 1470 ulotrones
931 1398 1092 1488 incipiunt
1118 1386 1264 1493 a'gradu
1294 1421 1337 1472 to
1371 1401 1547 1473 latitudinis
1580 1402 1759 1491 Australis,
1792 1407 1848 1479 ali·

328 1521 391 1592 qua
413 1502 560 1591 pervenit
583 1498 625 1567 ad
654 1492 789 1591 gradum
818 1517 838 1565 2
864 1494 1042 1565 latitudinis
1068 1494 1253 1581 Australis,
1287 1495 1321 1569 δι
1352 1503 1539 1571 terminatur
1570 1523 1735 1595 utcunque
1765 1507 1851 1577 inter

326 1600 462 1669 lnsularu
482 1599 661 1667 Suttratranr
685 1612 788 1681 usque
812 1592 853 1663 ad
869 1595 1094 1683 promontoria
1112 1592 1218 1662 Borea
1242 1595 1352 1666 insulae
1371 1596 1603 1693 Madagascar,
1628 1593 1848 1693 &AEquato·

328 1719 396 1767 rent
421 1693 547 1766 tersus:
575 1714 648 1764 nam
673 1691 706 1759 in
729 1687 796 1758 hoc
820 1693 920 1760 trasiu
938 1685 1068 1759 Oceani
1087 1689 1191 1759 ludici
1208 1692 1316 1762 mense
1334 1693 1463 1782 Mayo,
1487 1694 1610 1785 Junio,
1635 1699 1746 1792 julio,
1773 1700 1848 1771 Au·

325 1797 443 1888 gullo,
468 1792 674 1881 Septembri,
699 1785 840 1858 Ostobri
861 1787 957 1876 spirat
977 1782 1102 1856 Eurus:
1128 1807 1240 1857 verum
1264 1812 1283 1858 a
1307 1788 1492 1860 Novembri
1513 1791 1565 1861 sex
1597 1796 1729 1887 reliquis
1755 1816 1848 1869 men·

325 1894 409 1961 libus
434 1908 547 1985 regnat
571 1889 691 1958 Corus.
1358 1946 1361 1953 .

374 1988 415 2057 ln
437 1986 540 2058 lnlula
564 1986 721 2056 Boutbun
738 1982 794 2054 sub
815 1980 984 2053 latitudine
1004 1979 1116 2054 Austr.
1144 1992 1221 2067 20⁰,
1241 1981 1316 2075 '51',
1342 1978 1415 2075 43⁴¹.
1441 2001 1555 2073 portus
1577 2005 1665 2056 tutus
1684 2008 1753 2058 non
1779 1987 1856 2073 est,

325 2105 461 2180 regnant
482 2086 528 2153 ibi
551 2080 704 2173 procellae
727 2078 880 2150 violentae
908 2079 1058 2150 amense
1085 2078 1266 2149 Decembri
1291 2081 1332 2149 ad
1365 2084 1463 2151 linem
1488 2080 1637 2170 Aprilis,
1673 2086 1705 2153 in
1729 2088 1850 2177 primia-

324 2183 528 2262 Novilunio,
546 2177 581 2249 ἅ
597 2174 800 2256 Plenilunio,
824 2180 944 2262 quibus
966 2194 1063 2245 naves
1083 2177 1116 2245 in
1140 2176 1292 2246 anchoris
1303 2175 1411 2266 jacere
1432 2197 1503 2246 tuto
1520 2199 1705 2268 nequeunte
1730 2200 1849 2277 regnat

326 2299 391 2351 turn
412 2279 444 2344 in
471 2275 571 2345 insula
593 2272 765 2360 tempestas
790 2270 935 2358 pluviosa
961 2268 978 2363 (
1018 2277 1049 2360 ).

370 2374 502 2443 Interim
530 2370 572 2438 ad
601 2369 686 2437 duos
710 2365 760 2436 vel
787 2386 850 2435 tres
872 2368 991 2461 gradus
1012 2369 1175 2458 utrimque
1195 2370 1236 2439 ab
1261 2367 1449 2460 AEquatore
1468 2369 1656 2462 frequentes
1679 2370 1750 2447 sunt
1766 2372 1852 2446 Mt-

324 2474 436 2551 laciae,
462 2467 617 2537 subitanei
645 2466 810 2548 turbines,
836 2466 993 2555 ventique
1015 2465 1251 2538 inconstantes,

371 2606 403 2703 ς.
431 2600 717 2674 MMDLXXlll.
743 2601 828 2673 lnter
853 2601 961 2674 littora
995 2600 1116 2674 Africae
1142 2603 1281 2696 Ajanae,
1308 2602 1460 2692 Arabia,
1485 2606 1697 2699 Melabariae3
1725 2618 1851 2687 tumin¹

324 2709 392 2778 sinu
410 2701 620 2797 Bengaleori,
644 2699 738 2792 super
761 2721 894 2772 ornnem
911 2700 995 2771 hanc
1019 2699 1146 2773 Oceani
1162 2703 1267 2774 ludici
1289 2700 1427 2773 Boream
1448 2726 1571 2794 partem
1595 2733 1698 2802 usque
1722 2712 1843 2784 adAE·

324 2822 493 2894 quatorenr
510 2800 551 2868 ab
572 2798 680 2889 Aprili
697 2799 738 2868 ad
756 2797 929 2876 Ostobrirn
954 2801 1047 2890 spirat
1065 2797 1219 2885 Africus,
1244 2801 1465 2891 impetuosus,
1492 2804 1589 2894 quem
1614 2830 1688 2878 atrae
1714 2811 1843 2899 pluvio·

324 2904 430 2989 saeque
453 2897 577 2981 nubes,
603 2897 637 2966 δι
652 2895 805 2986 procellae
823 2899 1037 2967 comitantur:
1062 2897 1170 2967 mense
1185 2897 1302 2990 Junio,
1323 2893 1455 2989 &Julio
1474 2899 1543 2971 sunt
1558 2902 1842 2994 vehementiffimi,

325 3000 378 3068 sed
402 3017 469 3066 turn
492 2993 749 3064 conllantillimae
770 2995 969 3064 diretiionis.
1018 2994 1077 3064 Ab
1100 2992 1240 3064 Oiiobti
1262 2995 1392 3081 reliquis
1417 2998 1579 3069 menfibus
1604 3024 1708 3092 usque
1732 3004 1773 3073 ad
1790 3004 1848 3075 A·-

323 3094 431 3186 prilim
445 3108 559 3187 regnat
577 3091 726 3178 Aquilo,
753 3092 858 3156 lenior
875 3094 997 3176 priori,
1023 3111 1098 3161 cum
1116 3089 1203 3161 coelo
1222 3089 1350 3159 serenoe
1378 3108 1514 3182 uterque
1527 3115 1641 3168 ventus
1657 3118 1735 3170 curn
1751 3098 1841 3171 Afri·

322 3214 404 3282 cus,
427 3210 497 3259 turn
514 3187 659 3276 Aquilo,
686 3185 843 3276 placidius
859 3183 953 3274 spirat
974 3185 1007 3253 in
1024 3182 1091 3252 srnu
1109 3182 1321 3279 Bengalenst,
1348 3205 1444 3275 quam
1460 3187 1552 3279 supra
1575 3213 1662 3264 mare
1678 3194 1851 3268 Indicum,

323 3286 483 3383 Quamvis
502 3288 535 3355 in
556 3284 666 3354 littore
689 3279 938 3354 Coromandelii
963 3278 1216 3373 Masulipatam,
1244 3279 1280 3352 δι
1298 3279 1472 3355 Paliacatte
1499 3287 1627 3378 Aquilo
1644 3290 1717 3381 post
1744 3293 1764 3365 8
1790 3293 1851 3365 vel·

322 3407 344 3477 9
368 3384 525 3456 Ostobris
547 3378 908 3463 sitvelrenrentilsrmus,
935 3399 1068 3449 ornnem
1086 3384 1325 3478 navigationem
1347 3379 1455 3452 fistens
1479 3384 1552 3475 post
1567 3384 1753 3477 Junuariutn
1770 3413 1847 3463 cte·-

319 3485 387 3552 lum
413 3481 459 3550 est
476 3497 639 3567 pacatum.
688 3476 788 3543 Venti
814 3480 848 3542 in
872 3476 921 3540 his
942 3479 1127 3541 memoratis
1152 3477 1233 3543 locis
1259 3497 1327 3545 non
1348 3497 1497 3549 accurate
1523 3483 1638 3554 eadem
1659 3487 1849 3561 direstione·

321 3579 459 3667 spirant,
490 3593 566 3641 cum
594 3590 703 3660 prope
734 3569 843 3638 littora
875 3573 999 3656 temper
1027 3570 1160 3656 obliquo
1191 3570 1389 3649 decurrunt,
1422 3571 1457 3641 &
1482 3579 1612 3665 quidem
1638 3580 1763 3654 duabus
1786 3586 1847 3656 vei·

321 3675 424 3743 tribus
447 3665 600 3756 compalsr
623 3666 746 3759 plagis,
772 3684 815 3745 ut,
830 3685 936 3733 nautoe
959 3663 1152 3754 loquuntur:
1179 3688 1335 3756 preterea
1360 3669 1393 3737 in
1415 3669 1554 3756 finibus,
1579 3678 1635 3764 qul
1659 3669 1772 3748 eat'lem
1789 3680 1841 3749 di.

320 3772 464 3841 ret'tione
489 3786 565 3834 cunr
584 3766 688 3833 ventis
713 3784 781 3833 non
802 3763 929 3854 jacent,
955 3782 1124 3832 ventorum
1147 3764 1256 3833 cursus
1277 3766 1374 3834 etiam
1404 3765 1527 3840 differt:
1560 3770 1642 3844 binc.
1658 3775 1693 3846 in
1719 3776 1846 3848 finibus

319 3867 515 3957 maioribus,
539 3859 638 3930 veluti
656 3861 690 3929 in
713 3858 924 3956 Bengrlenfi,
950 3879 1063 3928 ventus
1085 3863 1178 3932 unius
1202 3859 1320 3931 littoris
1343 3863 1385 3932 ab
1411 3883 1453 3933 eo
1474 3865 1602 3940 atterius
1626 3869 1742 3942 littoris
1764 3874 1845 3945 dis.

321 3982 447 4053 crepat:
479 3980 542 4029 nec
568 3957 616 4027 est
646 3955 823 4028 constantis
850 3955 1056 4040 diretrronir,
1084 3954 1119 4028 &
1143 3978 1248 4050 prope
1272 3957 1380 4030 littora
1410 3959 1527 4053 spirant
1549 3970 1636 4039 venti
1658 3972 1774 4044 marini
1797 3966 1845 4045 Bu

322 4060 459 4140 terreni,
485 4075 569 4146 quos
594 4053 758 4145 descripsst
774 4051 945 4142 Valentyn
974 4054 994 4145 (
1018 4056 1051 4145 ).

373 4158 411 4227 ln
436 4156 615 4226 continenti
641 4150 865 4223 Coronrandel
888 4150 1048 4221 allllnrtio
1071 4153 1113 4221 ad
1140 4149 1312 4221 Osiobrim
1345 4156 1481 4243 spirante
1506 4157 1619 4228 Africo
1643 4181 1755 4256 regnat
1778 4161 1836 4235 fic.v

321 4259 415 4327 citas:
440 4256 481 4322 ab
505 4251 645 4322 Onobri
664 4250 707 4319 ad
725 4247 904 4320 Martium,
914 4246 1052 4338 spirante
1077 4250 1244 4338 Aquilone
1267 4248 1311 4319 eli
1336 4256 1504 4341 tempestas
1527 4254 1690 4346 pluviosa:
1726 4280 1837 4331 verum

323 4357 355 4422 in
378 4350 560 4424 Malabnria.
584 4350 784 4419 corrnariunr
812 4346 924 4416 locum
948 4346 1080 4433 habet,
1113 4348 1159 4417 ibi
1189 4348 1276 4417 enirn
1299 4349 1341 4418 ab
1363 4350 1478 4438 Aprili
1491 4351 1532 4421 ad
1556 4350 1730 4426 Ostobritu
1755 4375 1837 4429 tem.

323 4450 426 4541 perias
447 4449 493 4516 est
509 4445 667 4526 punito,
692 4440 730 4512 ἃ
749 4445 791 4513 ab
818 4442 957 4514 Octobri
981 4443 1023 4513 ad
1045 4444 1187 4537 Apriiim
1211 4464 1325 4536 regnat
1347 4445 1479 4515 fiet-iras.

370 4583 404 4684 5.
432 4575 716 4653 ururDLxxtv.
749 4577 837 4652 Inter
869 4579 1102 4676 Znngueburiae
1127 4581 1259 4665 littora,
1283 4574 1318 4652 ἃ
1343 4580 1477 4653 insulam
1498 4577 1579 4658 Dlvi
1605 4581 1839 4758 [ismengrii

1766 4708 1783 4758 t
1799 4708 1836 4759 o·

339 4807 348 4827 ³
397 4877 456 4952 (a)
478 4870 573 4931 l’Hist.
597 4870 633 4931 tle
655 4868 770 4932 unctu.
787 4875 868 4953 λος.
892 4875 950 4942 Ao.
965 4890 1049 4947 ¹75⁴.
1071 4891 1135 4951 pag.
1159 4891 1226 4936 m.

394 4959 455 5035 (l)
475 4953 621 5029 Valentpn
639 4951 836 5031 Bercnrrrnrg
855 4969 912 5066 ran
929 4953 1135 5062 coronaudel.
1156 4955 1244 5020 Tou.
1267 4970 1297 5034 ς.
1316 4972 1384 5035 ριι.
1405 4972 1465 5032 45,
1487 4958 1539 5031 ἡ
1595 5041 1600 5046 ¹
1697 5019 1700 5025 .
1778 5020 1784 5030 ,
