4992 6767
478 684 564 789 704·
765 664 1177 784 netues
1234 664 1712 756 serasera

483 869 634 964 angulum
661 865 815 957 majorem
837 863 939 950 vidit,
965 885 1062 956 quam
1087 884 1233 955 tempore
1260 864 1345 935 liceo
1372 861 1407 936 dt
1434 864 1561 935 sereno:
1583 861 1651 931 'Sed
1678 860 1711 933 dt
1734 861 1874 936 collium
1900 869 2012 956 apices

476 988 517 1039 ex
539 965 657 1035 eodem
681 964 760 1034 loco
781 963 943 1055 impedi,
976 963 1107 1034 altiores
1129 963 1185 1033 sub
1210 964 1338 1034 Aurora
1365 960 1399 1033 dt
1425 961 1594 1053 Vespera,
1628 980 1724 1048 quant
1757 964 1897 1033 meridie
1924 962 2013 1035 caelo

480 1063 591 1135 screno
612 1081 789 1153 apparent,
814 1065 890 1155 quia
912 1083 1050 1153 vapores
1075 1061 1131 1131 sub
1156 1083 1230 1132 ortu
1252 1057 1287 1131 ὰ
1313 1059 1428 1131 occasu
1450 1058 1536 1131 Solis
1561 1080 1580 1128 e
1607 1079 1690 1127 terta
1704 1060 1918 1134 ascendentes
1938 1061 2018 1132 sunt

481 1159 666 1245 craffioteS,
689 1159 874 1243 densantes,
901 1157 1093 1249 Lucemquc
1116 1162 1218 1254 magis
1244 1156 1421 1254 refringunt
1443 1208 1455 1242 ,
1480 1177 1578 1247 quam
1602 1177 1739 1244 vapores
1761 1160 1930 1229 meridiani
1960 1181 2017 1229 ra·

479 1260 591 1331 tiores.
642 1257 707 1328 Sed
729 1262 894 1351 praecipue
916 1256 987 1328 l'ttnt
1010 1278 1145 1347 vapores
1170 1260 1202 1326 in
1228 1256 1402 1326 horizonte
1426 1256 1568 1326 occiduo
1593 1253 1756 1324 derisores
1781 1274 1877 1341 quam
1902 1260 1936 1327 in
1955 1279 2019 1328 or·

478 1358 566 1440 tiro,
593 1359 667 1448 quia
694 1356 808 1427 Solum
830 1380 849 1425 a
871 1356 989 1426 diurno
1018 1354 1094 1424 Sole
1122 1351 1312 1424 calesaslutn
1338 1352 1445 1443 plures
1471 1351 1607 1442 exspirat
1632 1352 1721 1444 (a).
1773 1346 1898 1421 Differt
1922 1355 2015 1425 lucis
2066 1403 2070 1407 -

480 1452 655 1541 resraclio,
690 1453 712 1523 st
737 1454 864 1546 objecta
889 1474 1013 1523 terrena
1038 1451 1130 1544 supra
1155 1452 1305 1545 regiones
1327 1472 1467 1520 terrenas
1498 1470 1552 1519 aut
1578 1448 1668 1538 supra
1694 1468 1783 1517 mare
1808 1446 2015 1537 spedemus3

481 1550 638 1623 Plantade
661 1555 696 1624 in
718 1556 838 1624 uertice
860 1550 1080 1622 Pirenaeotum
1107 1547 1310 1633 observavit,
1348 1548 1388 1617 ad
1416 1546 1542 1639 objecta
1564 1549 1598 1615 in
1625 1548 1744 1616 vertice
1772 1543 1866 1615 dilliri
1892 1552 2019 1620 montis

481 1650 677 1731 attendens,
712 1652 839 1743 objedla
862 1649 1006 1741 ejusdem
1032 1648 1206 1717 altitudinis
1228 1643 1438 1737 apparuisse,
1477 1645 1649 1715 horizonte
1682 1645 1808 1712 marino
1835 1666 2018 1735 apparente

483 1747 591 1819 altiori
618 1750 718 1843 (l),
751 1767 884 1839 propter
903 1746 1011 1836 plures
1038 1743 1250 1815 escendentes
1278 1764 1318 1813 ex
1343 1746 1422 1813 mari
1448 1764 1544 1833 quam
1570 1762 1611 1811 ex
1637 1739 1705 1810 solo
1731 1762 1898 1830 vapores:
1934 1744 2015 1814 ideo

483 1847 581 1916 etiam
604 1849 673 1916 A'e'r
693 1845 820 1914 denfiot
843 1846 950 1912 lucem
973 1846 1074 1937 magis
1097 1843 1207 1911 rariori
1242 1839 1424 1936 refringet,
1458 1838 1592 1928 quoda
1618 1837 1808 1931 Bouguerin
1834 1840 2014 1912 confirma·

484 1962 574 2025 tum,
601 1944 632 2010 itt
659 1942 809 2010 America
830 1940 999 2009 Stellarum
1021 1938 1242 2009 altitudinibus
1262 1937 1435 2008 obserastis
1457 1935 1659 2027 majoribm,
1686 1956 1761 2003 cum
1789 1939 1823 2006 in
1850 1938 1932 2007 locis
1955 1960 2016 2030 pa·

482 2060 553 2108 rum
578 2037 668 2128 supra
689 2058 776 2107 mare
799 2037 928 2107 elevatis
949 2036 1161 2119 versabatur,
1192 2057 1288 2126 quam
1311 2038 1343 2105 irt
1370 2035 1531 2104 editorum
1558 2033 1746 2115 montium,
1782 2035 1814 2102 in
1839 2036 1954 2126 primis
1977 2038 2017 2108 in

483 2133 732 2226 Chimboraco,
756 2134 929 2204 verticibus
952 2133 1038 2227 (c).
1089 2131 1147 2202 Est
1174 2154 1311 2222 quoque
1342 2131 1444 2222 major
1471 2131 1552 2201 lucis
1575 2129 1724 2200 refractio
1750 2151 1824 2200 cum
1852 2130 1927 2202 Lux
1954 2155 2018 2225 per

481 2232 605 2302 Aerem
628 2228 829 2325 stigidiorem
854 2251 950 2319 qnam
976 2230 1165 2299 calidiorem
1186 2230 1320 2312 transit,
1351 2230 1434 2299 adeo
1461 2249 1495 2298 ut
1520 2227 1617 2298 stellae
1643 2247 1790 2316 tempore
1815 2228 1939 2323 frigido
1965 2232 2018 2302 al·

481 2329 580 2398 tiores
603 2326 789 2407 videantur,
815 2346 911 2416 quam
933 2324 1016 2396 caelo
1040 2324 1203 2411 calidiori,
1228 2331 1275 2393 uti
1297 2326 1376 2395 olim
1403 2324 1575 2409 Picardus‚
1600 2345 1706 2414 nuper
1723 2322 1871 2396 calanus
1896 2327 2015 2399 obser-

481 2428 568 2496 vavit
591 2423 688 2517 (d).
740 2422 900 2492 hlorrnier
923 2422 1015 2492 tradit
1039 2424 1071 2491 in
1095 2422 1175 2490 urbe
1199 2420 1381 2512 Lapponiae
1407 2421 1539 2491 Tomea
1576 2422 1633 2490 srbl
1660 2419 1857 2507 constitisse,
1885 2420 2017 2518 frigore

480 2524 577 2592 audo
604 2519 826 2589 tesradtinnem
850 2521 1085 2608 htrrtosphaerae
1110 2517 1295 2603 increvisse,
1320 2516 1357 2589 ἃ
1381 2517 1512 2609 quidem
1541 2539 1572 2610 3.
1595 2516 1665 2601 ml,
1691 2520 1819 2607 quoties
1834 2511 2014 2595 discrimen

482 2617 599 2712 gradus
620 2619 715 2683 utrius
739 2617 772 2680 in
799 2613 1061 2705 Thermoscopio
1094 2613 1286 2684 Reaumurii
1320 2616 1544 2685 indicabatur:
1582 2613 1617 2686 dt
1649 2616 1750 2684 llante
1776 2613 1943 2686 Mercurio
1966 2621 2016 2691 ad

484 2713 619 2808 gradum
648 2730 704 2801 31·
726 2712 759 2779 in
783 2707 907 2778 summo
933 2712 1038 2803 gelu,
1064 2713 1236 2782 notabatur
1266 2712 1414 2783 resradlo
1441 2735 1498 2782 ao.
1521 2715 1584 2797 m⁸,
1618 2709 1651 2781 dt
1680 2733 1732 2782 ιο.
1760 2710 1823 2783 η]“.
1847 2735 1908 2805 pro
1933 2714 2019 2788 Sole

484 2809 611 2880 elevato
633 2827 682 2902 gr·
709 2826 760 2876 20.
789 2809 862 2894 24³,
892 2812 961 2894 30‘2
1002 2807 1118 2877 Postea
1136 2806 1259 2879 Parihis
1280 2810 1402 2879 stellam
1428 2810 1523 2878 fixam
1550 2813 1582 2879 in
1607 2808 1714 2879 Haedo
1730 2810 1925 2897 observans,
1949 2813 2019 2886 nci-

487 2909 566 2978 tavit
592 2906 689 2975 etiam
716 2900 911 2973 refraclionis
934 2907 1129 2976 mutationes
1153 2903 1216 2972 elle
1243 2905 1507 2997 proportionales
1532 2907 1686 3002 gradibus
1720 2907 1837 2978 caloris
1864 2908 1882 2979 d
1907 2909 2020 2984 Thet-

486 3022 651 3075 mometro
681 3000 811 3069 indicati
834 2996 919 3089 (e).
972 2997 1052 3068 ldeo
1086 3020 1155 3068 non
1183 3001 1271 3069 malo
1300 3002 1438 3072 consilo
1477 3002 1683 3073 Astronomls
1709 3006 1949 3094 commendat,
1982 3032 2022 3085 ut

486 3120 550 3170 tres
573 3094 714 3167 Tabulas
736 3092 983 3165 Restaciionum
1005 3096 1178 3180 condant,
1211 3116 1346 3184 quarum
1371 3120 1435 3167 urta
1459 3102 1642 3171 contineret
1667 3100 1835 3188 AEstivas,
1868 3105 1930 3176 alia
1954 3105 2019 3198 hy·

486 3197 625 3276 mattas,
652 3192 742 3261 tertia
764 3192 945 3261 intermedii
969 3192 1103 3262 caloris:
1129 3194 1249 3283 opinor
1272 3214 1378 3266 tamen
1404 3198 1563 3267 rationem
1587 3198 1764 3269 altitudinis
1791 3200 1950 3275 Mercurii
1978 3213 2016 3282 itt

484 3333 677 3437 Barometro
703 3360 837 3430 quoque
859 3337 922 3409 elle
947 3337 1158 3425 habendam,
1192 3343 1269 3433 quia
1294 3344 1362 3413 A‘e‘r
1388 3345 1421 3413 in
1442 3344 1557 3414 eadem
1582 3349 1718 3442 regione
1742 3350 1855 3438 potest·
1873 3350 1940 3422 fieri
1968 3323 2018 3472 ἑ

485 3507 576 3585 parte
599 3484 813 3577 pondetohor
834 3486 1055 3578 densiorque3
1083 3484 1119 3558 dt
1140 3489 1280 3578 proinde
1301 3490 1429 3582 majoris
1454 3490 1656 3589 refringentis
1681 3495 1817 3566 virtutis.
1867 3497 1911 3570 Et
1935 3504 2019 3590 quia

485 3583 714 3673 Atmosphaera
738 3587 866 3678 gravior
891 3585 956 3668 ell,
981 3607 1051 3676 quo
1068 3587 1109 3654 ab
1126 3586 1313 3677 AEquatore
1337 3592 1470 3680 propius
1495 3589 1536 3660 ad
1562 3593 1658 3681 polos
1683 3595 1888 3681 accedimus,
1913 3597 2018 3670 debet

487 3683 568 3756 lucis
586 3679 732 3753 refraclio
749 3685 781 3751 in
798 3685 866 3770 pari
885 3683 1053 3752 altitudine
1068 3683 1160 3773 supra
1181 3684 1385 3755 horizontem
1401 3688 1457 3757 sub
1480 3710 1645 3778 aequatore
1670 3689 1734 3757 ell'e
1760 3694 1887 3777 minor,
1914 3716 2019 3783 quarn

488 3781 587 3875 polos
607 3770 738 3858 versus',
763 3781 808 3846 uti
831 3800 873 3846 ex
893 3778 1165 3846 Astronomorum
1191 3780 1466 3852 observationibus
1493 3787 1677 3875 probatur,
1704 3785 1760 3854 sub
1786 3810 1953 3877 aeqtratore
1981 3789 2020 3865 dt

488 3897 594 3968 prope
627 3874 724 3965 polos
753 3877 866 3961 captis.
923 3872 1042 3941 rie‘rem
1068 3893 1176 3942 revera
1206 3872 1332 3943 Lucem
1365 3875 1540 3971 refringere
1565 3885 1793 3971 experimentis
1818 3890 1909 3953 variis
1936 3911 2024 3977 pro.

489 3968 891 4060 naveruntLowthorpius
908 3968 1009 4063 (f),
1035 3967 1191 4058 Halleyus
1217 3968 1252 4040 dt
1279 3968 1481 4061 Hauksbejus
1517 3976 1620 4069 (lg),
1647 3997 1684 4045 ac
1710 3977 1742 4045 in
1769 3975 1875 4044 Gallia
1901 3980 2027 4056 Delis.

489 4071 553 4145 lius
579 4068 684 4165 (h),
717 4069 863 4167 quamvis
885 4066 1022 4139 dubium
1047 4064 1202 4172 superesse
1224 4066 1348 4140 nullutn
1379 4067 1522 4143 *stnetcnt
1544 4070 1782 4144 observationes
1807 4070 2028 4151 Astronomi-

1939 4196 2024 4270 cae,

498 4429 505 4444 .
534 4379 627 4462 'lm
644 4377 830 4440 Marinonius
847 4374 884 4436 de
899 4375 1054 4438 Aaronom
1079 4378 1192 4455 specula
1212 4381 1246 4442 L.
1264 4396 1290 4441 2.
1315 4377 1382 4458 Cap.
1399 4395 1426 4441 r.
1449 4385 1477 4461 ς.
1496 4403 1523 4447 2.
1543 4400 1607 4464 pag.
1625 4397 1674 4447 αι.

518 4452 523 4463 “
567 4455 1158 4539 (t)1.·nilloiredel'hcad1toy.Ao
1189 4474 1273 4531 1742.
1293 4476 1358 4534 pag.
1375 4475 1444 4531 πῃ.

567 4543 625 4618 (a)
645 4535 813 4601 L'Hlslolre
829 4535 866 4594 de
884 4535 998 4595 l’hcad.
1023 4536 1101 4611 Roy.
1123 4537 1280 4608 A0.1749.
1301 4554 1368 4614 pag.
1388 4543 1435 4609 78.
1451 4539 1478 4600 dt
1496 4557 1542 4613 ῃ,

566 4622 630 4694 (d)
652 4615 816 4677 L’Histoite
832 4615 868 4673 de
886 4614 997 4674 l'Acad.
1022 4616 1098 4687 lloy.
1122 4616 1173 4674 A0.
1194 4630 1277 4686 1743.
1302 4633 1366 4692 pag.
1387 4630 1455 4690 249.
1479 4619 1533 4681 ac.

566 4699 624 4771 (ι)
646 4696 788 4755 Discours
804 4695 1012 4755 Preliminalre
1033 4692 1130 4755 l'Hist.
1155 4693 1267 4754 Caelett.
1286 4711 1353 4773 pag.
1368 4695 1420 4758 Xl.
1441 4696 1469 4758 dc
1489 4699 1550 4778 stqr

566 4774 625 4853 (f)
646 4772 795 4850 Philosop.
815 4774 962 4833 Transah.
987 4773 1041 4831 No.
1056 4788 1131 4848 asp.

566 4856 628 4933 (g)
650 4853 770 4927 thsreo
792 4855 929 4913 blechan.
953 4854 1100 4927 Experim.
1119 4868 1187 4932 pag.
1206 4866 1272 4924 ης.

565 4935 629 5017 (lt)
647 4933 814 4998 L'Hilloite
837 4931 873 4994 de
896 4930 1108 5012 l'acadaehop.
1132 4933 1187 4997 1⁰.
1203 4943 1291 5005 ηις.
