4992 6767
792 641 942 741 Di:
1099 627 1569 767 liQUllss'
1798 637 1883 768 ‘565

344 851 467 928 tantuin
497 848 586 923 mlce
611 845 799 945 iungunnur
827 846 978 936 lateres,
1009 849 1066 940 qui
1095 869 1185 922 oram
1219 851 1311 941 putei
1344 847 1437 941 supra
1467 841 1570 917 solum
1607 841 1751 919 efficiunt
1781 868 1884 923 coro·
2011 829 2017 849 ’

350 971 504 1041 nuncque.
1423 981 1425 988 ·

389 1078 421 1177 s.
446 1071 783 1151 MCCCCXXVl.
807 1071 867 1145 Illa
891 1092 970 1147 vero
993 1094 1067 1166 quae
1089 1074 1125 1146 in
1147 1069 1219 1144 loca
1241 1071 1349 1164 ampla
1375 1091 1521 1156 terrena,
1550 1070 1704 1155 humilia,
1728 1066 1791 1143 live
1810 1090 1881 1144 arn

344 1176 416 1268 plos
431 1195 574 1248 crateres
588 1172 786 1258 effunditur,
812 1172 982 1264 inquibus
1004 1170 1147 1269 stagnat,
1172 1172 1448 1263 componiturquc
1468 1189 1510 1241 ex
1537 1167 1672 1257 Pluvia,
1696 1166 1881 1257 Fontibus,

343 1272 567 1357 Fluminibus,
594 1270 640 1341 est
667 1266 836 1362 paludosa.

395 1393 427 1494 §7
452 1388 808 1491 MCCCCXXVll.
832 1388 962 1462 Marino
986 1389 1066 1477 est,
1102 1412 1176 1484 quae
1201 1410 1307 1462 arnara
1335 1385 1370 1462 de
1402 1385 1475 1488 salsa
1502 1409 1661 1462 oceanum
1692 1389 1879 1486 constituit,

348 1495 407 1587 qui
431 1512 537 1564 totum
565 1510 720 1561 terrarum
744 1489 858 1560 orbern
881 1486 1093 1561 circumfluit.
1465 1538 1470 1542 .
1914 1475 1921 1508 *-
2014 1485 2019 1510 ι

396 1614 428 1715 ς.
453 1611 807 1691 MCCCCXXVlll.
831 1615 929 1705 Aqua
955 1614 1107 1686 naturalis
1130 1636 1228 1697 raro,
1254 1631 1309 1684 aut
1330 1609 1460 1684 mrsrtan
1483 1634 1673 1707 nunquam,
1694 1613 1800 1708 potest
1822 1613 1880 1685 lra-

345 1718 417 1790 beri
441 1737 543 1807 pura,
568 1714 623 1785 sed
643 1712 786 1784 inficitur
808 1706 994 1783 tenuissimis
1018 1714 1166 1801 omniurn
1187 1710 1256 1782 sere
1278 1708 1472 1781 terrestrium
1497 1731 1674 1803 corporum
1693 1709 1880 1804 particulis,

346 1812 626 1906 quemadmodum
647 1807 892 1881 Woodwardus
918 1804 995 1900 (a)
1020 1804 1054 1877 δι
1079 1806 1260 1880 Mortonus
1285 1806 1360 1900 (b)
1386 1806 1534 1902 diligenti
1563 1810 1709 1881 instituto
1732 1809 1883 1879 examine

348 1909 521 1981 testantur:
546 1906 636 1979 Nam
661 1905 767 1999 pluvia
789 1926 832 1977 ex
852 1903 927 2017 alto·
945 1904 1122 1988 decidens,
1148 1908 1257 1976 esrem
1278 1902 1384 1984 lavat,
1420 1901 1592 1996 secumque
1616 1904 1722 1978 desert
1745 1904 1881 1978 tenerri-

347 2027 476 2199 issi,
492 1999 1880 2197 {lamislissaailssssslpsssssrsss’assisis?siis:

348 2220 384 2271 ut
406 2200 522 2290 pluviae
544 2222 639 2290 aquae
662 2198 819 2293 stagnanti
842 2195 983 2267 sordium
1008 2195 1110 2266 inesse
1134 2197 1308 2287 plurimum
1328 2193 1501 2280 sentiatur,
1526 2218 1606 2286 quas
1633 2198 1789 2287 temporis
1811 2194 1882 2267 suc·

347 2296 432 2368 cetra
464 2297 614 2368 deorsum
639 2294 764 2386 pellite
807 2288 916 2365 sordes
942 2290 993 2362 bre
1020 2314 1096 2364 cum
1122 2299 1219 2383 Aqua
1247 2290 1490 2363 adhaerescente
1521 2292 1684 2363 destillatae
1713 2295 1748 2364 in
1776 2292 1883 2362 nubes

348 2393 438 2464 albas
453 2412 708 2471 converruntur,
734 2411 807 2480 quae
830 2390 908 2460 dant
932 2386 1070 2479 speciem
1093 2388 1218 2482 spiritus
1240 2388 1353 2477 acidi,
1388 2389 1516 2458 tandem
1538 2389 1650 2480 prodit
1671 2386 1793 2481 aliquid
1815 2385 1884 2458 olei

350 2492 438 2560 rubri
464 2490 563 2581 (c),
591 2486 683 2577 quod
699 2504 767 2555 tum
789 2486 921 2571 colore,
947 2506 1023 2556 cum
1046 2485 1172 2574 odore,
1197 2485 1334 2577 aliisque
1350 2485 1594 2556 circumstantiis
1618 2486 1664 2557 esi
1686 2508 1780 2578 aquae
1805 2501 1885 2577 pru-

350 2590 480 2676 prium,
508 2582 543 2653 dt
565 2580 769 2653 observatum
791 2603 811 2649 a
835 2580 1028 2665 Borrichio,
1053 2584 1099 2651 ab
1120 2581 1243 2652 Hieme
1269 2582 1380 2674 (d),
1406 2578 1441 2651 δι
1465 2583 1506 2654 ab
1529 2581 1644 2654 Ellero
1670 2582 1690 2677 (
1720 2584 1755 2679 ).

403 2706 435 2803 ς.
461 2700 771 2777 MCCCCXXIX.
797 2697 886 2796 Quia
911 2723 996 2795 aqua
1017 2702 1151 2775 fontana
1178 2725 1220 2773 ex
1241 2708 1350 2797 pluvia
1373 2710 1502 2791 oritur,
1528 2712 1566 2779 ei
1591 2713 1702 2799 purior
1731 2730 1801 2780 non
1825 2706 1884 2782 est.

355 2804 513 2893 Cumque
540 2819 585 2869 err
611 2797 723 2868 Terrae
749 2798 924 2869 visceribus
945 2798 1147 2890 exspirantur
1165 2799 1281 2874 balitus
1305 2803 1481 2892 spirituas,
1507 2801 1595 2887 salli,
1618 2805 1727 2886 acidi,
1752 2803 1887 2893 quisur·

354 2902 419 2972 sum
448 2894 679 2968 adscendentes
703 2897 795 2986 aquis
825 2890 968 2964 fontanis
997 2914 1201 2980 occurrunt,
1239 2899 1441 2983 miscentur,
1475 2899 1560 2969 milli
1589 2902 1691 2971 varias
1725 2893 1895 2971 inducunt

352 2995 544 3089 qualitates,
568 3011 667 3082 atque
692 2990 869 3063 multorum
890 3009 1067 3080 corporum
1094 2990 1271 3063 solutiones
1296 2991 1496 3065 accelerant:
1519 3015 1676 3084 praeterea
1698 3015 1782 3083 aqua
1809 2994 1887 3066 son·

354 3116 426 3165 tana
444 3092 628 3183 inquinatur
650 3087 814 3178 partibus,
840 3106 921 3176 quas
941 3087 975 3157 in
995 3107 1096 3172 terra,
1123 3109 1221 3176 quam
1249 3087 1416 3178 perfluit,
1448 3089 1600 3161 solubiles
1622 3085 1795 3175 offendit,
1822 3090 1886 3163 savo

353 3192 403 3262 ltae
426 3190 486 3260 srnt
505 3186 638 3276 Terrae,
664 3182 826 3276 Lapides,
851 3180 1013 3276 Metalla,
1032 3183 1212 3275 Sulphura,
1237 3186 1405 3282 Sapones,
1431 3181 1590 3271 Vitriola,
1616 3185 1704 3258 Sales
1725 3182 1792 3260 &a
1812 3184 1885 3281 sunt

355 3292 441 3359 enim
464 3284 595 3378 plurimi
619 3279 727 3352 sontes
752 3280 1011 3371 peruniversom
1032 3279 1206 3352 Terrarum
1229 3285 1367 3366 orbem,
1394 3305 1534 3374 quorum
1556 3305 1650 3376 aquae
1671 3282 1768 3353 satiem
1790 3285 1886 3372 mari·⁴

356 3408 435 3457 num
456 3380 679 3473 suppeditant,
704 3381 761 3469 qui
787 3397 854 3448 arte
880 3373 916 3445 du
939 3376 1052 3472 labore
1075 3378 1220 3449 humano
1248 3378 1430 3474 colligitur:
1449 3379 1540 3474 ¹Sunt
1560 3378 1689 3472 fontes,
1715 3383 1770 3472 qui
1783 3401 1884 3472 aquas
1948 3429 1962 3474 .·

357 3482 446 3553 salsas
475 3477 633 3549 infundo
657 3473 804 3545 fluminis
833 3470 1032 3558 effundunt,
1068 3472 1152 3543 adeo
1174 3494 1211 3544 ut
1241 3496 1326 3564 aqua
1356 3474 1429 3545 salsa
1452 3496 1493 3547 ex
1520 3475 1631 3547 medlo
1662 3478 1886 3567 aquaeldulcis

356 3600 446 3650 emer
490 3595 532 3654 t,
573 3574 620 3641 uti
647 3572 680 3640 in
707 3569 813 3640 liudo
836 3571 967 3662 Augara
994 3567 1162 3638 sevidisse
1195 3571 1323 3642 testatur
1356 3570 1532 3644 Gmelinus
1566 3570 1668 3667 (fi),
1698 3572 1888 3665 huiusmodi

360 3674 427 3744 salsi
459 3690 575 3751 ontes,
598 3687 714 3755 aquam
732 3668 765 3735 in
788 3663 916 3754 amplos
939 3684 1078 3735 crateres
1104 3663 1327 3737 effundentes.
1350 3666 1494 3739 efficiunt
1521 3666 1609 3739 lacus
1633 3667 1748 3753 salsos,
1773 3667 1887 3760 quales
2023 3668 2032 3683 ‘

361 3775 395 3840 in
421 3765 597 3838 Russorum
625 3765 762 3853 imperio
785 3760 865 3831 sunt.
915 3758 1059 3851 Quando
1086 3781 1192 3831 autem
1221 3784 1304 3852 aqua
1335 3763 1475 3836 fontium
1506 3763 1598 3835 solvit
1621 3763 1801 3856 Sulphura,
1826 3763 1886 3836 Vi·

363 3865 476 3947 triola,
497 3860 664 3941 Alumen,
684 3856 843 3942 Naurum,
860 3854 912 3927 Sal
931 3856 1135 3941 Alcalinum,
1150 3859 1199 3927 vel
1217 3858 1270 3929 Sal
1288 3881 1450 3943 neutrum,
1476 3861 1567 3933 audit
1583 3884 1667 3952 aqua
1683 3860 1887 3954 sulphurata,

361 3962 493 4042 serrata,
518 3955 715 4039 aluminosa,
737 3975 886 4036 narrata,
921 3952 1110 4024 cathartica:
1136 3956 1226 4044 quod
1248 3958 1402 4028 evincunt
1421 3956 1528 4029 fontes
1550 3959 1690 4042 adanu,
1715 3958 1826 4030 multis
1849 3960 1888 4032 in

362 4058 550 4154 regionibus
570 4054 673 4124 ubivis
688 4072 840 4123 terrarum
857 4050 1061 4141 reperiundi,
1088 4070 1163 4120 narn
1181 4052 1287 4121 sontes
1310 4053 1402 4123 multi
1424 4053 1586 4123 vitriolum
1605 4053 1678 4125 serri
1698 4057 1886 4126 continent:

363 4156 436 4225 ideo
467 4151 573 4223 affusae
605 4150 657 4220 hae
681 4171 773 4240 aquae
803 4148 958 4243 gallaeum
992 4146 1145 4216 solutioni
1177 4148 1394 4243 nigrescunt?
1435 4147 1555 4220 ferrum
1590 4150 1672 4239 saepe
1700 4150 1755 4219 sub
1781 4150 1886 4221 sonno

363 4252 469 4323 ochrae
491 4249 582 4335 srdit,
607 4267 649 4320 ex
670 4246 741 4317 aliis
760 4244 879 4317 evolat.
930 4244 998 4314 ner
1016 4243 1072 4314 has
1094 4264 1193 4337 aquas
1214 4265 1449 4339 nonnunquam
1471 4243 1664 4342 putrefacit,
1690 4242 1889 4339 &praeceps

1835 4342 1891 4416 dar

438 4541 495 4615 (ι)
516 4537 687 4615 Philosopb.
711 4538 861 4599 Transasi.
882 4540 939 4600 No.
965 4551 1033 4610 253.

441 4621 500 4692 (ll
521 4620 626 4677 Natur.
646 4616 757 4679 Histoe.
782 4618 1012 4693 Northampton.
1032 4614 1103 4695 Cap.
1123 4636 1152 4692 4
1177 4634 1244 4698 pag.
1267 4626 1333 4693 264·
1481 4670 1488 4682 .

442 4698 498 4770 (e)
517 4694 628 4754 L'llisl.
650 4695 686 4754 de
708 4697 822 4756 l’ncad.
843 4696 880 4755 de
898 4698 999 4756 Berlin
1021 4695 1075 4755 Ao.
1102 4703 1188 4773 ¹7⁴⁸·
1208 4714 1275 4777 pag.
1298 4698 1375 4773 Ν
1398 4698 1456 4777 seq,

443 4776 502 4851 (d)
521 4775 654 4831 Tenon.
678 4776 810 4851 Chymlc.
831 4778 909 4836 Tom
941 4792 969 4835 a.
991 4791 1056 4851 pag.
1077 4790 1123 4848 23-

442 4852 500 4926 (e)
519 4847 627 4909 L'Hlsl.
649 4850 685 4909 de
707 4854 817 4913 l'llcad.
841 4855 877 4915 de
897 4854 996 4916 berlin
1016 4854 1072 4915 Ao.
1097 4869 1183 4929 1153-
1200 4872 1266 4935 pag.
1290 4868 1338 4929 η.
1452 4901 1455 4905 ‚

440 4928 497 5011 (s)
516 4928 605 4993 Flora
623 4926 747 4993 sunio
768 4934 855 4999 Teos
880 4950 908 4998 t.
930 4931 1127 5086 Prusae-gs
1153 4940 1199 5006 aa
