4992 6767
797 680 1023 775 ‘Du
1160 676 1498 795 AQUA
1865 701 1950 808 my

416 886 537 965 farsum
558 880 756 960 adscendens
774 877 871 955 fundi
886 893 1012 953 maana
1027 880 1152 973 aperit,
1175 874 1317 954 &redit
1340 879 1521 977 ingreditur
1540 875 1701 973 Aquam,
1725 903 1798 961 earn
1823 894 1943 969 attollit

416 986 456 1062 dt
477 985 597 1058 evolat:
623 980 794 1055 fed-undis
811 976 1055 1060 desinentibus,
1078 976 1326 1054 minmsursum
1339 976 1483 1052 escendit
1501 972 1537 1051 dt
1552 982 1619 1051 exit
1643 984 1757 1080 ignis,
1788 1007 1822 1058 at
1846 989 1879 1059 in
1899 1013 1944 1064 eo

411 1083 736 1253 Εῑὶΐὲυὲιὶέἒώἓι
762 1074 1011 1173 quoquoversus
1041 1077 1247 1196 aeqrnbilitet·
1270 1073 1303 1147 se
1324 1073 1513 1165 diffundat,
1536 1076 1740 1175 fundumque
1766 1082 1882 1157 lebetis
1905 1085 1943 1161 dc

425 1337 428 1346 ·
459 1309 492 1413 5.
543 1301 885 1384 MCCCCLXXIV.
908 1306 1008 1398 Aqua
1032 1303 1319 1404 subditisignibus
1341 1306 1376 1379 in
1393 1302 1466 1404 v'ase
1489 1307 1616 1386 fovens
1639 1309 1834 1404 plerumque
1854 1313 1943 1407 apud

410 1429 477 1484 nos
498 1414 533 1483 in
557 1407 618 1480 Bel
643 1409 676 1482 'o
694 1405 842 1506 gradum·
857 1424 940 1475 ata.
971 1402 1092 1489 caloris·
1107 1406 1142 1475 in
1171 1402 1256 1505 scala
1279 1400 1522 1482 Thermometrl
1545 1405 1765 1490 Fahtenheltii
1786 1414 1941 1503 acquirit:

408 1508 539 1604 idcirco
570 1430 677 1604 muido
701 1501 910 1582 calidioribus
932 1499 1128 1591 ¹corporibus
1153 1501 1263 1593 Aquae
1285 1500 1410 1595 injeflis
1433 1506 1537 1578 oritur
1555 1504 1732 1589 fremitus,
1765 1506 1940 1602 shepitus,

410 1603 559 1698 disjeetio
574 1603 714 1698 partium
730 1597 945 1673 incredibilisr
969 1596 1143 1674 Ebulliens
1161 1597 1294 1686 oleum,
1323 1599 1416 1691 quod
1440 1600 1526 1674 calet
1546 1601 1633 1700 door
1656 1604 1830 1702 gradibus,
1845 1628 1940 1697 aquae

411 1701 567 1796 injeilum
590 1701 626 1773 id
645 1700 781 1792 probat:
805 1694 858 1769 rel
879 1695 903 1768 ri
926 1693 1356 1789 iiquefrdiumplumhum,
1381 1718 1438 1770 aut
1461 1697 1527 1785 ae's,
1548 1697 1664 1774 formis
1687 1698 1940 1776 infunditurhu·

408 1800 529 1885 midis,
554 1817 611 1872 aut
632 1800 688 1870 aeri
711 1802 745 1870 in
766 1797 844 1891 igne
867 1790 974 1865 refuso
995 1814 1081 1884 aqua
1104 1794 1329 1885 imprudenter
1353 1792 1554 1882 affunditur,
1579 1794 1670 1888 illico
1694 1796 1853 1891 disjicitur
1866 1822 1938 1871 me·

408 1896 523 1970 talium
548 1889 674 1968 st'nnmo
696 1915 772 1965 cum
789 1890 905 1966 fusoris
927 1889 1096 1982 periculo,
1120 1893 1298 1983 munitque
1320 1894 1427 1965 vicina
1451 1892 1626 1987 proslemit
1650 1890 1822 1982 &diruit3
1846 1896 1940 1989 quod

406 2011 519 2066 tamen
545 1992 706 2077 nonsit,
741 1988 875 2083 quando
907 1984 1016 2060 scoriae
1045 1989 1087 2060 ab
1115 1989 1289 2061 immaturo
1321 2011 1427 2082 cupro
1452 1990 1612 2064 tolluntur
1633 1990 1713 2088 (a).
1762 1991 1854 2065 ldetn
1880 1995 1938 2082 iit,

405 2097 483 2162 'cum
505 2089 612 2166 Salem
631 2088 821 2161 Alcalinum
847 2085 970 2173 lixum,
995 2086 1030 2157 in
1048 2088 1134 2184 igne·
1148 2085 1326 2174 fluentem,
1349 2089 1385 2158 in
1411 2086 1584 2164 humidum
1597 2109 1727 2165 cneum
1745 2093 1936 2163 mortarium
2063 2177 2067 2189 ι

404 2185 614 2262 effundimus.
696 2188 699 2198 '

452 2315 485 2408 5.
509 2311 850 2391 MCCCCLXXV.
881 2308 983 2406 Aqua
1007 2311 1050 2386 ab
1073 2311 1149 2408 igne
1173 2313 1209 2384 in
1233 2307 1402 2384 tenuiores
1426 2308 1599 2403 particulas
1622 2313 1844 2387 verosimiliter
1867 2307 1939 2390 non

372 2423 374 2428 '
404 2405 556 2500 solvitur,
580 2412 861 2505 quemadmodum
883 2410 988 2481 multa
1008 2408 1071 2480 alia
1094 2429 1138 2480 co
1258 2410 1384 2482 tenuari
1408 2403 1446 2480 dt
1472 2407 1630 2482 subdividi
1655 2412 1697 2482 ab
1723 2413 1800 2507 igne
1815 2411 1935 2483 solent:

343 2535 345 2540 ·
403 2509 531 2592 Nullus
551 2512 641 2582 enirn
666 2507 905 2581 Chemicorum
926 2506 1071 2599 repetitis
1094 2504 1137 2584 de.
1164 2504 1363 2580 illationibus
1389 2504 1523 2601 Aquam
1546 2510 1739 2582 attenuavit:
1765 2508 1819 2579 sed
1844 2508 1937 2601 plura

404 2601 480 2680 funt
503 2627 674 2697 corpora,
706 2626 782 2693 quae
804 2604 846 2672 ab
865 2604 942 2695 igne
961 2624 1031 2672 non
1056 2602 1272 2688 dividuntur,
1308 2603 1413 2692 qualis
1447 2605 1493 2675 est
1518 2601 1738 2692 Mercurius,
1772 2608 1842 2677 Ait
1868 2601 1935 2678 dcc.

401 2691 445 2800 'dt
472 2702 551 2772 ideo
575 2700 776 2772 concludere
797 2698 988 2799 nonlicet,
1013 2697 1090 2788 quia
1110 2695 1261 2798 quaedam
1285 2718 1444 2787 corpora,
1469 2701 1518 2769 uti
1539 2700 1698 2791 Adipes,
1722 2704 1763 2774 ab
1787 2707 1864 2799 igne
1888 2722 1936 2774 at·

402 2803 603 2894 ienuanmr,
629 2793 719 2868 idem
743 2814 881 2885 quoque
900 2789 936 2863 in
957 2794 1056 2883 Aqua
1073 2788 1196 2881 habre
1216 2788 1342 2864 locum.
1551 2859 1556 2867 ,

459 2924 495 3021 5.
528 2914 882 2995 MCCCCLXXVl.
914 2914 1014 3006 Aqua
1033 2916 1098 2988 ive
1118 2916 1245 3009 caleat,
1273 2918 1338 2991 live
1363 2918 1509 3016 frigeat,
1535 2921 1640 2995 modo
1665 2945 1733 2996 non
1758 2925 1795 2997 lit
1819 2926 1938 3023 glacia·

400 3024 486 3095 rioni
509 3023 683 3112 proxima,
712 3016 760 3088 eil
781 3033 876 3103 reque
896 3011 1026 3095 fluida,
1060 3009 1097 3083 dt
1123 3015 1209 3084 viam
1231 3035 1315 3096 curu¹
1329 3019 1405 3105 'puri
1430 3016 1587 3088 facilitate
1608 3023 1766 3100 concedit
1788 3024 1937 3111 pendulo
2001 3075 2005 3081 -
2114 3001 2138 3040 ’μ

400 3118 562 3203 eandem,
586 3135 624 3189 ut
648 3133 745 3206 atque
769 3112 889 3182 multas¹
909 3108 1131 3181 oscillationes
1154 3103 1190 3181 dt
1212 3112 1283 3201 pari
1308 3129 1458 3202 tempore
1473 3112 1641 3205 perficiat:
1667 3117 1760 3206 quod
1773 3140 1843 3189 non
1862 3141 1937 3191 eve·

398 3221 505 3300 ciret,
529 3201 732 3287 sihnuilum
750 3207 1000 3281 discriminisin
1024 3203 1185 3278 fluiditate
1207 3205 1304 3280 esset:
1328 3208 1442 3299 Aliqui
1470 3210 1603 3300 Aquam
1629 3212 1790 3286 calentem
1805 3213 1938 3290 huidio·

402 3335 472 3387 rem
492 3312 610 3407 frigida
632 3310 757 3402 opinati
781 3307 881 3390 sunt,
906 3326 945 3377 ea
969 3306 1109 3376 nitentes
1132 3302 1333 3395 hypothesi,
1358 3306 1493 3397 Aquam
1518 3305 1583 3378 elie
1608 3307 1746 3405 glaciem
1763 3311 1934 3400 ‚refusam,

403 3409 597 3484 &ssmilem
625 3430 737 3491 cerae,
772 3404 916 3493 seboque
939 3399 1143 3491 liquefafio,
1167 3422 1242 3490 quae
1267 3401 1402 3487 calida,
1427 3402 1499 3476 sunt
1532 3407 1639 3477 multo
1666 3404 1934 3506 huidiotafrigi·

401 3510 467 3583 dis:
493 3508 658 3602 praecipue
678 3500 818 3573 multum
842 3498 998 3570 calentia:
1024 3517 1137 3567 verum
1162 3498 1318 3570 omnibus
1343 3500 1536 3588 corporibus
1561 3523 1630 3573 non
1645 3503 1692 3590 eil
1706 3505 1841 3584 eadem
1867 3529 1931 3579 nec

395 3606 513 3691 ‚similis
541 3600 730 3676 constitutio
751 3597 915 3689 partium:
946 3596 992 3663 ita
1013 3587 1211 3683 hypotheses
1232 3614 1275 3664 ex
1298 3594 1463 3693 Analogia
1487 3598 1596 3690 petitae
1620 3600 1655 3670 in
1680 3620 1805 3704 errores
1829 3603 1933 3696 conji.
2067 3602 2072 3612 “

402 3724 479 3777 ecre
501 3699 617 3771 solent.
978 3721 991 3762 r
1054 3767 1056 3774 ,
1787 3765 1790 3770 ,

398 3875 400 3880 .
451 3830 483 3930 5.
508 3821 878 3903 MCCCCLXXVIL
903 3818 1012 3912 Aqua·
1026 3819 1209 3894 communis
1227 3821 1263 3894 in
1283 3823 1424 3912 partium
1448 3821 1621 3899 interstitiis
1647 3822 1772 3897 aerem
1790 3826 1929 3904 abscon·

395 3933 468 4005 dit:
492 3932 593 4019 Aqua
611 3923 734 4020 frigens
752 3919 853 4017 gradu
884 3936 943 4010 50.
969 3937 1117 4009 tempore
1144 3918 1264 3990 vernali
1289 3917 1398 3992 inhia
1423 3922 1535 4007 terris,
1560 3920 1732 4011 Boyleano
1757 3928 1927 4017 recipienti

398 4027 546 4111 inclusa,
571 4043 614 4094 ex
637 4041 707 4112 quo
727 4022 798 4091 Aer
821 4014 1042 4102 exanrlirtur,
1066 4016 1180 4090 adrem
1203 4015 1368 4110 expellere
1392 4020 1533 4108 incipit,
1559 4018 1731 4094 Mercurio
1755 4023 1789 4095 ia
1815 4022 1927 4096 lodice

401 4127 445 4197 ad
464 4120 667 4196 altitudinem
691 4117 750 4190 26.
775 4113 845 4206 poi
866 4111 1021 4188 Rhenol.
1042 4112 1269 4186 adscendente.
1331 4114 1432 4205 Aqua
1456 4117 1557 4205 priori
1581 4114 1745 4202 calidior,
1778 4121 1927 4198 nondum

404 4223 494 4296 Aine
517 4239 612 4311 aeque
636 4237 675 4288 ac
702 4233 779 4287 ante
801 4209 978 4295 arefasto,
1001 4211 1127 4284 Aeon
1150 4229 1255 4300 ocyus
1278 4214 1408 4309 egerite
1434 4208 1560 4304 &quo
1584 4211 1721 4286 calidior
1753 4215 1799 4286 est
1821 4232 1926 4306 aqua,

402 4340 446 4392 eo
465 4323 586 4391 titiust
619 4314 705 4387 adeo
724 4333 762 4384 ut
782 4310 893 4384 rueras
916 4306 1019 4404 gradu
1042 4307 1101 4383 88.
1125 4308 1160 4381 ln
1183 4328 1290 4381 uacuo
1310 4308 1455 4382 citiffime
1478 4312 1553 4385 aire
1579 4309 1744 4398 orbetur,
1768 4307 1805 4383 dt
1830 4314 1927 4386 vel»

404 4416 592 4490 mentislime
609 4411 768 4497 ebulliat,
792 4410 868 4481 aire
890 4427 933 4478 ex
952 4407 1105 4480 omnibus
1121 4394 1258 4478 latebris
1278 4428 1480 4498 erumpente.
1530 4405 1643 4480 Veluti
1668 4406 1736 4480 Ait
1759 4407 1927 4485 suceelliue

404 4538 446 4587 ex
469 4516 645 4605 recipiente
669 4508 829 4592 trahitur3
858 4507 903 4577 ita
924 4525 1058 4595 quoque
1091 4525 1132 4576 ex
1155 4505 1254 4594 Aqua
1280 4515 1428 4596 ereptat:
1461 4505 1551 4579 Nam
1574 4507 1663 4580 Aine
1687 4507 1721 4579 iu
1745 4511 1923 4601 recipiente

403 4614 620 4701 aliquousque
642 4605 817 4686 rarefaiio,
843 4602 961 4694 aliquae
983 4604 1066 4675 airis
1089 4601 1188 4674 bullae
1207 4624 1249 4675 ex
1271 4606 1371 4695 Aqua
1392 4604 1622 4700 egrediuntur,
1646 4623 1725 4678 mox
1738 4609 1925 4686 exitusces

406 4707 471 4780 sate
496 4728 581 4778 nova
603 4706 698 4776 Adria
719 4702 930 4775 rarefadlione
953 4721 1038 4792 opus
1060 4699 1128 4791 est,
1154 4719 1189 4772 ut
1213 4702 1331 4774 iterum
1355 4699 1478 4796 aliquid
1501 4706 1598 4778 Adria
1621 4722 1664 4774 ex
1686 4704 1785 4797 Aqua
1809 4725 1921 4870 εκεεὲ

1908 4813 1931 4871 il

433 4941 545 5079 ο(ι)
565 4994 693 5061 Oarhlet
713 4995 836 5076 voyage
856 4946 1172 5077 salfordpaials.
1229 5015 1369 5168 Ffs'f,
1423 5045 1428 5052 ·
1531 5063 1575 5069 ,.
1646 5065 1649 5069 .

1359 5114 1381 5167 a
