4992 6767
630 685 751 783 DE'
795 673 1699 806 Maau'ort'rs'nouurs.
1816 725 1915 792 rorr

399 897 451 971 vel
476 892 593 966 multas
615 889 860 978 comprimant,
894 886 930 959 da
952 889 1077 979 aliquot
1098 893 1204 980 partes
1229 888 1335 962 subito
1360 892 1395 961 in
1421 911 1538 982 aquam
1562 891 1781 962 condensant:
1806 916 1918 973 verunt

401 1013 536 1086 propter
559 1008 685 1058 motum
705 987 746 1055 ab
770 1003 909 1076 utroque
931 986 1029 1056 latere
1046 985 1230 1076 oppositum
1247 1009 1320 1058 earn
1336 1007 1562 1077 retorqueant,
1590 984 1625 1058 ἃ
1648 991 1681 1064 in
1704 990 1839 1075 orbem,
1865 996 1919 1066 vel

402 1096 435 1161 in
459 1089 583 1177 aliquot
605 1086 702 1154 orbes
724 1081 852 1151 tandem
875 1087 1034 1155 coeuntes
1057 1081 1123 1151 fine
1145 1085 1232 1155 exitu
1256 1083 1405 1171 leuant,
1431 1087 1475 1155 ita
1502 1106 1538 1156 ut
1561 1086 1664 1158 nubes
1685 1085 1870 1159 circumlata
1884 1093 1919 1162 in

402 1188 434 1257 se
457 1187 643 1272 sorbeatur,
670 1177 705 1249 u
729 1196 843 1262 vortere
865 1177 1040 1263 efficiatur,
1064 1200 1102 1248 ac
1125 1179 1147 1250 st
1167 1201 1246 1253 totae
1269 1181 1403 1273 alicujus
1424 1182 1623 1253 intermediae
1647 1203 1827 1254 extremum
1849 1207 1919 1258 am·

401 1286 507 1353 bitum
529 1276 677 1372 opposita
704 1275 884 1345 directione
908 1279 1069 1368 utrimque
1091 1277 1334 1367 perculllllent,
1366 1279 1431 1369 qui
1450 1279 1521 1349 baec
1545 1282 1631 1350 circa
1652 1299 1800 1352 centrum
1825 1303 1919 1380 gyra·

401 1400 512 1450 retur:
547 1376 676 1446 interim
699 1391 834 1466 quoque
858 1373 916 1464 ipsr
937 1376 1023 1444 venti
1049 1375 1083 1444 in
1106 1375 1282 1446 rotundum
1309 1395 1447 1472 aguntur
1468 1375 1560 1447 nnat
1582 1397 1658 1449 curn
1685 1379 1795 1463 nube,
1820 1400 1921 1471 quam

401 1473 596 1546 extrinsecus
619 1474 653 1543 in
677 1467 831 1562 majorem
858 1471 1105 1562 amplitudinem
1137 1473 1310 1543 ambiunt:
1345 1473 1441 1543 nubis
1472 1493 1546 1564 pars
1577 1475 1831 1570 circumgyrata,
1865 1499 1920 1549 to·

403 1573 538 1642 tondum
563 1574 597 1640 in
621 1570 777 1640 vorticem
801 1564 945 1651 effecta,
977 1565 1172 1637 condensata
1195 1572 1229 1638 in
1255 1568 1392 1640 sormam
1417 1569 1524 1642 densae
1545 1569 1663 1662 pluviae
1686 1594 1726 1641 ex
1748 1572 1814 1645 alto
1843 1596 1918 1669 gra·

400 1672 496 1740 vitate
518 1666 704 1749 descendit,
729 1661 915 1734 columnam
937 1662 1055 1733 format
1078 1664 1310 1750 cylindricam,
1333 1665 1385 1738 vel
1417 1668 1589 1752 conicam,
1614 1669 1762 1739 celeriter
1783 1671 1921 1742 circum·
2049 1709 2057 1724 ·

400 1768 524 1850 aelam,
549 1767 595 1833 uti
621 1762 688 1852 ipse
707 1761 792 1845 vidi,
817 1779 889 1852 quae
908 1760 972 1830 basr
997 1758 1102 1828 latiori
1127 1759 1261 1849 reliquae
1285 1779 1385 1843 anae,
1410 1761 1577 1851 spissaeque
1599 1767 1678 1836 nubi
1709 1764 1920 1862 adhaerescit,

399 1866 493 1950 apice
527 1858 675 1931 deorsum
707 1859 891 1948 spectante:
924 1874 1057 1927 vocatur
1091 1857 1282 1947 Columna,
1307 1858 1478 1951 Praester',
1504 1855 1611 1929 Turbo
1627 1867 1780 1956 Aqrteus,
1806 1861 1921 1958 Tubu,

399 1960 582 2053 Hauflrum
608 1957 868 2048 Hydraulicum,
905 1956 1018 2028 Draco
1049 1957 1194 2048 Aqueus.
1242 1951 1362 2024 Graece
1395 1959 1532 2046 npncip.
1567 1955 1702 2054 Belgice
1734 1982 1790 2029 een
1815 1963 1919 2036 haas.

401 2055 530 2128 Gallice
555 2054 686 2127 srombe
710 2056 749 2123 de
773 2052 867 2126 Mer.
893 2051 1031 2148 Anglice
1056 2053 1282 2143 Waterspout.
1691 2057 1694 2062 ’

447 2174 478 2272 §.
503 2168 868 2243 MMCCCLXXXII.
893 2170 952 2243 Est
976 2171 1161 2260 hujusmodi
1179 2173 1276 2238 turbo
1299 2177 1430 2264 egregie
1446 2172 1622 2260 descriptus
1638 2196 1656 2242 a
1673 2172 1830 2249 Lucretio
1849 2178 1917 2274 (a),
1927 2188 1989 2242 rao.
2015 2190 2070 2254 ax,

399 2269 625 2359 &aliquoties
649 2271 691 2339 ab
716 2268 787 2337 aliis
810 2268 995 2334 observatus
1021 2263 1117 2355 (b):
1143 2263 1273 2334 diversae
1301 2266 1348 2335 est
1364 2264 1529 2348 craffitiei,
1554 2267 1728 2354 aliquando
1753 2275 1806 2340 vix
1823 2255 2024 2349 uniusf³⁸·⁴·

397 2365 595 2456 hexapedae,
620 2363 704 2451 saepe
725 2367 833 2430 tame'n
862 2384 884 2449 4
908 2359 959 2429 vel
986 2358 1149 2450 qhexap.
1175 2359 1349 2452 aliquando
1376 2381 1424 2452 50
1449 2361 1565 2453 hexap.
1599 2358 1634 2432 dt
1659 2364 1740 2434 ultra
1766 2364 1841 2460 (c);
1866 2373 1923 2444 ad.

397 2483 506 2552 eoque
533 2456 568 2528 ἃ
593 2457 799 2527 crallrtierum
823 2455 1085 2527 interrnediarum
1110 2455 1229 2528 Baseos
1253 2457 1408 2528 diameter
1434 2457 1476 2528 ad
1507 2461 1634 2547 apicem
1667 2461 1831 2533 observata
1863 2470 1921 2540 ali-

397 2557 530 2650 quando
546 2553 607 2626 fuit
622 2558 668 2623 uti
695 2575 741 2643 40
766 2552 807 2623 ad
835 2574 868 2645 3.
894 2550 1040 2649 Quando
1055 2551 1101 2622 est
1114 2552 1231 2643 plenus
1246 2563 1360 2646 aquae,
1386 2551 1654 2640 &denllffimus,
1679 2556 1724 2627 eil
1743 2558 1920 2653 limpidus;

398 2652 612 2743 ceteroquin,
630 2672 705 2721 cum
723 2651 865 2741 partibus
880 2649 1151 2742 pluviaediscretis
1168 2651 1312 2736 constat,
1338 2650 1459 2722 coloris
1478 2650 1615 2739 ellalbi,
1632 2653 1685 2723 sed
1702 2655 1841 2743 turbidi,
1866 2664 1920 2735 vel

398 2772 441 2821 ex
466 2751 598 2820 cinereo
622 2748 785 2834 violacei;
806 2763 891 2818 ¹tum
920 2745 1107 2818 intrinsecus
1130 2767 1214 2838 aqua
1234 2768 1353 2819 vacuus
1383 2748 1596 2833 observatur,
1631 2753 1774 2841 partibus
1799 2776 1920 2849 nempe

400 2849 447 2919 ob
473 2848 538 2918 vim
564 2843 775 2940 centrifugam
801 2866 819 2915 a
843 2863 956 2916 centro
981 2861 1090 2915 motus
1114 2845 1362 2931 recedentibus,
1396 2844 1481 2914 adeo
1514 2863 1550 2913 ut
1579 2849 1647 2916 axis
1677 2867 1775 2918 cavus
1799 2848 1856 2919 stt:
1882 2858 1918 2926 in

400 2943 569 3036 superficie
594 2946 718 3012 interna
742 2962 820 3013 cava
844 2941 1012 3013 cochleam
1033 2939 1288 3013 Archimedeam'
1308 2966 1354 3028 a,
1371 2966 1416 3027 a,
1442 2939 1560 3024 refert,
1585 2961 1721 3034 propter
1743 2964 1860 3033 aquam
1876 2971 1919 3022 ex

398 3041 466 3111 alto
490 3040 713 3122 delabentem,
740 3034 774 3108 δι
799 3042 921 3109 interea
946 3040 978 3109 in
1005 3036 1140 3108 modurn
1166 3040 1296 3109 vorticis
1320 3039 1564 3109 circumactam:
1590 3040 1631 3108 ab
1652 3043 1802 3110 exteriori
1829 3065 1922 3133 parte

398 3138 608 3227 undiquaque
634 3135 742 3207 multae
773 3157 884 3226 aqueae
917 3155 1024 3226 partes
1060 3134 1199 3204 excullae
1222 3135 1362 3224 speciem
1385 3132 1465 3204 fumi
1500 3135 1672 3203 ambientis
1704 3137 1917 3226 emulantur,

399 3233 500 3304 mistae
514 3233 604 3304 fimul
623 3254 697 3304 curn
716 3252 815 3304 vento
831 3251 987 3316 extem03
1014 3252 1111 3320 quae,
1138 3230 1282 3300 labentes
1299 3232 1454 3312 inmare,
1472 3228 1525 3300 vel
1542 3227 1667 3316 solum,
1684 3230 1827 3321 pluviam
1836 3236 1917 3307 den·

397 3329 460 3402 sam
486 3332 646 3415 sormunt,
673 3330 778 3401 multo
803 3332 924 3400 latioris
947 3329 1110 3410 ambitus,
1131 3348 1227 3417 quam
1254 3328 1389 3397 turbinis
1410 3325 1468 3397 est.

447 3428 636 3517 Aliquando
659 3428 814 3496 columna
837 3426 884 3493 est
908 3427 1013 3506 reela,
1038 3428 1072 3494 in
1095 3428 1168 3493 abre
1191 3423 1501 3512 perpendiculariter
1521 3423 1670 3495 deorsum
1688 3423 1831 3518 pendula
1848 3450 1989 3516 tumme.
2009 3463 2064 3519 ax.

400 3525 419 3591 d
440 3543 537 3591 vento
560 3541 627 3589 non
653 3521 868 3607 propellitur,
893 3518 948 3580 sed
971 3519 1106 3581 insiliit:
1137 3517 1312 3599 aliquando
1338 3517 1474 3602 oblique
1497 3518 1543 3586 est
1565 3521 1743 3606 inclinata,
1776 3526 1794 3594 a
1818 3525 1981 3603 ventofiu·
1998 3540 2022 3577 ¹·
2036 3543 2065 3585 ι.

400 3617 525 3688 sublimi
551 3615 594 3680 fic
615 3611 724 3698 pulla,
750 3608 925 3698 aliquando
952 3606 997 3676 cll
1029 3606 1146 3677 inllexa
1169 3608 1202 3675 in
1227 3626 1318 3697 parte
1337 3608 1475 3697 quadam
1495 3612 1711 3698 intermedia,
1744 3640 1807 3708 pro
1832 3603 1993 3697 varia³'⁴’

399 3715 485 3785 venti
510 3706 677 3779 altitudine
700 3707 902 3776 occurrentis
923 3703 1110 3774 columnae:
1145 3701 1207 3772 visa
1226 3724 1360 3794 quoque
1381 3702 1444 3774 fuit
1468 3709 1652 3793 attenuari,
1688 3732 1766 3782 mox
1799 3717 1916 3793 iterum

398 3807 547 3891 cmlltor,
572 3824 651 3875 mox
673 3803 822 3886 tenuior3
847 3803 894 3871 uti
918 3822 993 3871 cum
1015 3820 1105 3898 gutta
1128 3799 1270 3890 pendula
1295 3821 1338 3870 eat
1366 3800 1493 3872 sublimi
1519 3805 1706 3895 rumpitur;
1742 3813 1777 3880 in
1803 3817 1915 3889 medio

399 3911 495 3977 etiam
526 3903 753 3992 abrumpitur,
786 3917 921 3990 tumque
947 3918 1020 3990 pars
1050 3895 1183 3967 inferior
1206 3895 1373 3968 celerrime
1401 3899 1436 3968 in
1461 3895 1549 3970 mare
1571 3899 1707 3996 labinu,
1734 3927 1914 3988 monuero

399 4003 588 4072 inllauratur
611 4000 627 4068 i
652 3998 760 4081 nube,
785 4016 885 4067 novas
910 4014 1015 4086 partes
1035 3992 1167 4064 residue
1191 3993 1354 4066 columnae
1379 3994 1612 4086 suppeditante.

449 4096 644 4190 Hujusmodi
665 4093 817 4165 columna
835 4092 990 4164 velociter
1005 4091 1089 4183 saepe
1110 4111 1242 4162 avento
1260 4091 1473 4181 prevalente,
1497 4088 1749 4186 &vehementi,
1772 4127 1811 4175 ae
1835 4129 1913 4198 pro-

400 4195 521 4266 celloso
542 4197 682 4285 rapitur,
707 4192 913 4280 decurritque
932 4189 1023 4280 supra
1047 4208 1157 4275 mare,
1182 4185 1216 4259 δι
1239 4207 1353 4258 tenant
1380 4186 1472 4281 (d).
1522 4189 1555 4259 Si
1577 4199 1656 4264 mari
1680 4199 1849 4287 imminet,
1876 4203 1913 4277 dt

398 4293 463 4362 fere
486 4291 525 4361 ad
548 4289 749 4382 superficiem
772 4308 877 4376 usque
903 4287 1045 4370 decidit,
1070 4307 1111 4355 ex
1137 4289 1216 4357 mari
1237 4285 1380 4355 elevatur
1401 4288 1518 4382 exigua
1541 4286 1695 4361 columna
1720 4291 1769 4378 B,
1794 4318 1910 4374 occur.

397 4410 470 4459 rens
494 4388 654 4459 deciduae:
679 4385 750 4456 haec
776 4383 905 4481 assurgit
929 4379 1090 4477 patrima
1113 4403 1212 4457 vento
1237 4384 1271 4454 in
1296 4383 1453 4456 vorticem
1475 4386 1559 4454 circa
1583 4389 1743 4460 turbinem
1769 4396 1909 4472 circum·

1816 4497 1911 4590 ailo,

466 4658 504 4735 (a
546 4658 698 4720 Lucretius
718 4658 849 4724 lib-sa:
869 4661 907 4720 v.
923 4673 991 4734 4²³·
1907 4705 1913 4714 .

467 4740 506 4815 (b
548 4737 666 4815 Journal
689 4737 740 4795 des
761 4736 884 4798 Scaeam
906 4735 1268 4816 A0.1682.pag.162&
1291 4754 1356 4817 143.
1379 4736 1528 4802 l'ilisloire
1550 4741 1586 4804 de
1607 4741 1722 4807 l'llcad.
1750 4746 1828 4827 Rop.
1849 4747 1906 4812 Ao·¹

473 4892 530 4968 (t)
551 4831 663 4951 ulid}
681 4832 861 4952 illidito.
879 4909 946 4965 tvt-
966 4911 1031 4968 pag.
1046 4909 1113 4966 229.
1734 4973 1738 4982 Ι

469 4972 528 5051 (d)
548 4970 657 5034 Pbllos.
679 4971 826 5033 Taenarii.
847 4972 902 5034 No.
917 4987 985 5047 493.
1007 4975 1154 5051 paganel.
1175 4973 1286 5034 Philus.
1307 4973 1456 5039 Transatl.
1477 4977 1548 5043 vot.
1565 4996 1613 5054 47.
1636 4979 1702 5057 pag.
1717 4993 1787 5051 412·
1830 4987 1833 4992 '

1162 5068 1444 5154 Mmmmmm
