4992 6767
556 679 696 776 JD'E
747 681 1246 774 METEORIS'
1289 687 1642 802 AQUEIS.
1769 701 1867 808 {987

393 906 456 960 220.
481 883 600 957 Nubes
625 901 740 978 tegunt
764 899 891 959 terras,
925 900 967 949 ne
991 899 1010 948 a
1033 901 1193 972 perpetuo
1215 882 1332 955 ardore
1360 883 1435 956 solis
1467 904 1668 972 torreantur,
1701 901 1798 980 atque
1821 897 1865 967 ita

349 982 541 1081 vegetabilia
563 979 713 1050 fruantur·
724 996 893 1066 tempore,
920 975 954 1045 dt
979 983 1199 1066 oportunitate
1222 981 1424 1073 praeparandi
1440 981 1652 1069 alimentum,
1680 987 1772 1075 quod
1792 1009 1864 1058 ctu·

339 1074 626 1175 ,dum-ingressum
652 1073 698 1146 est
721 1075 872 1156 radicet,
897 1070 1002 1159 folia,
1026 1071 1160 1163 caules,
1185 1074 1306 1166 flores,
1331 1080 1371 1150 in
1395 1098 1537 1170 quorum
1561 1079 1726 1154 canalibus
1750 1086 1866 1175 coqui·

345 1198 418 1263 tur,
443 1196 480 1246 ut
502 1196 545 1247 ex
569 1194 611 1244 eo
637 1167 973 1245 nutrianturfruslus.

397 1281 449 1366 3⁰.
476 1270 638 1344 Videntur
660 1269 765 1340 nubes
790 1263 854 1337 elle
877 1269 1178 1359 precipuaecausae
1202 1289 1373 1342 uentorum
1395 1270 1599 1363 liberorum3
1625 1279 1700 1367 quia
1724 1275 1864 1349 nonnul·

336 1372 387 1443 lae
407 1369 559 1443 constant
581 1387 623 1440 ex
646 1363 840 1438 anhelitibus
861 1364 1017 1454 diversis,
1051 1369 1109 1456 qui
1133 1386 1367 1440 concurrentes
1397 1369 1597 1457 miscentur,
1631 1370 1862 1463 effervescunt,

341 1463 592 1559 quoquoversus
606 1463 646 1534 -se
664 1459 851 1552 explicant,
873 1461 982 1532 esrem
1004 1466 1150 1558 agitem,
1174 1485 1308 1536 ventum
1330 1464 1509 1537 suscitante
1538 1487 1593 1538 aut
1622 1467 1864 1542 efferuescendo

344 1562 579 1651 incenduntur,
597 1556 642 1636 dc
664 1557 886 1632 uehementius
910 1560 1017 1629 adrem
1044 1581 1086 1630 ex
1109 1560 1188 1631 loco
1214 1560 1430 1651 propelluntt
1462 1582 1517 1633 aut
1541 1585 1616 1636 cum
1644 1587 1714 1656 prae
1736 1565 1864 1637 miscela

341 1681 387 1730 ex
411 1664 442 1732 ie
466 1679 574 1753 partes
597 1657 899 1748 praecipitesruere
925 1653 1055 1741 sinunt,
1080 1658 1136 1746 qui
1156 1658 1240 1728 inter
1258 1657 1434 1729 labendum
1449 1658 1560 1733 esrem
1580 1681 1714 1754 quoque
1725 1664 1864 1757 aginat,

339 1777 479 1828 ¹ventum
504 1756 692 1826 excitantes.

395 1874 447 1944 4⁰.
473 1851 591 1925 Nubes
614 1849 775 1933 efficiunt,
801 1866 839 1920 ut
860 1845 917 1918 lux
942 1845 1016 1918 solis
1039 1849 1209 1920 interram
1231 1847 1349 1932 milla,
1381 1848 1501 1920 deinde
1531 1852 1686 1944 replicata
1718 1856 1864 1929 offendat
1999 1837 2001 1842 ¹

340 1952 470 2036 nubes,
494 1972 514 2019 a
539 1950 658 2042 quibua
682 1950 799 2017 iterum
824 1941 1031 2017 diverliffimis
1056 1944 1289 2016 diresiionibus
1312 1942 1454 2012 redditur
1468 1945 1510 2014 ad
1537 1966 1674 2033 tertam,
1700 1973 1768 2039 quo
1786 1976 1864 2025 mo·

344 2047 390 2117 do
415 2048 552 2138 plurima
575 2066 714 2135 corpora
738 2044 771 2112 ia
797 2061 901 2129 terra,
926 2061 1000 2132 quae
1023 2063 1044 2112 a
1066 2040 1132 2114 sole
1156 2062 1225 2115 non
1249 2041 1370 2114 diresle
1391 2036 1613 2116 illuminentur
1625 2091 1641 2134 ,
1656 2045 1863 2137 perfundan-

340 2163 394 2215 tur
418 2142 513 2228 luce,
539 2138 574 2212 ἅ
596 2136 860 2231 uideripoiiunt

922 2299 926 2318 z
1000 2337 1065 2422 De
1091 2334 1209 2422 Rure.

390 2563 423 2659 ς.
448 2555 764 2636 MMCCCXLIV.
790 2555 964 2631 Terrarum
987 2554 1104 2628 halitus
1125 2553 1162 2629 dt
1184 2555 1287 2649 uapor
1304 2556 1496 2653 plerumque
1516 2562 1642 2633 unitate
1661 2553 1765 2637 adan
1780 2584 1861 2638 ocu.

336 2663 450 2736 lorum
471 2660 619 2757 fugiens,
644 2656 803 2731 interdum
834 2653 984 2728 nebulam
1008 2656 1169 2738 imitatus,
1202 2658 1236 2726 in
1256 2655 1356 2729 altum
1378 2656 1601 2748 adscendens,
1627 2659 1679 2732 vel
1703 2681 1744 2733 ex
1765 2663 1862 2736 subii·

340 2763 387 2830 mi
411 2756 500 2829 eoelo
521 2762 554 2828 in
577 2757 714 2829 Terram
735 2752 909 2836 defidens,
944 2754 1014 2828 Ros
1030 2748 1228 2843 appellatur.

390 2878 422 2978 l.
443 2874 748 2976 MMCCCXLV.
776 2875 814 2948 lo
838 2878 932 2949 uariis
962 2877 1144 2969 plantatum
1170 2875 1226 2946 sub
1252 2875 1310 2947 dio
1331 2876 1505 2968 positarum
1531 2879 1674 2971 partibus
1698 2882 1799 2949 nosiu
1825 2878 1861 2951 dc

337 2997 436 3048 mane
465 2978 568 3072 'gutte
599 2971 750 3066 quadam
788 2994 902 3065 aqueae
933 2973 1157 3068 colligantur,
1190 2994 1264 3063 quae
1290 2975 1359 3045 Ros
1395 2975 1488 3044 didiae
1516 2974 1674 3060 fuerunt;
1708 2977 1862 3066 cepitque

338 3075 454 3166 opinio
475 3071 601 3157 fidem,
632 3068 723 3140 hunc
741 3072 842 3139 nosiu
869 3090 888 3137 e
911 3069 999 3139 coelo
1020 3068 1194 3139 deciduum
1217 3067 1281 3138 esse
1305 3083 1490 3160 uaporem,
1517 3072 1551 3141 in
1573 3069 1659 3140 soliis
1680 3068 1861 3162 plantarum

335 3169 542 3254 collcsium,
572 3165 760 3240 imo'hunc
793 3163 895 3236 solum
918 3163 981 3234 essc
1005 3179 1123 3233 rorem.
1169 3161 1298 3234 Vemm
1317 3165 1435 3235 'multae
1461 3163 1498 3235 dt
1528 3177 1686 3235 accurate
1711 3165 1860 3239 obserua-

335 3270 444 3338 tiones
463 3266 519 3336 has
539 3283 645 3361 guttas
669 3280 792 3358 tanturn
821 3258 885 3331 esse
907 3260 1089 3354 plantarum
1115 3257 1295 3348 sudorem,
1328 3279 1370 3329 ex
1393 3257 1598 3333 uasculomm
1624 3259 1755 3334 orificiis
1776 3279 1862 3348 coat-¹

334 3367 428 3435 tinuo
448 3362 658 3453 exspirantem
679 3412 689 3443 ,
720 3360 899 3430 evicerunt.

390 3480 438 3529 10.
463 3458 552 3528 Nam
583 3453 738 3545 quaelibet
772 3453 882 3540 planta
913 3453 970 3523 suo
1007 3474 1095 3523 rorat
1121 3454 1254 3535 modo,
1295 3475 1357 3543 pro
1386 3455 1472 3524 uarii
1499 3449 1645 3526 vasorum
1673 3453 1797 3527 fabrici
1821 3452 1859 3527 dt

335 3554 540 3623 orificiorum
571 3551 656 3619 sstu:
696 3549 845 3630 apicibus
873 3549 1025 3633 graminis
1056 3551 1123 3612 Ros
1152 3548 1357 3612 adhaerescit:
1401 3552 1435 3616 in
1465 3545 1600 3619 Brasslca
1631 3548 1666 3619 &
1694 3551 1858 3642 papavere

337 3647 538 3738 colliguntur
571 3657 671 3735 gutte
705 3637 739 3704 in
771 3635 923 3704 omnibus
953 3634 1108 3706 soliorum
1136 3635 1333 3709 exstantibus
1366 3639 1573 3724 eminentiis;
1614 3647 1661 3710 uti
1693 3643 1729 3711 &
1757 3646 1794 3714 iit
1816 3651 1857 3718 'in

338 3741 508 3816 Nasturtio
532 3736 676 3822 ludic03
707 3733 742 3802 in
769 3729 841 3800 aliis
871 3729 957 3802 foliis
991 3731 1188 3827 colliguntur
1217 3753 1319 3828 gutte
1344 3737 1383 3806 -in
1416 3734 1557 3821 medio,
1594 3740 1629 3807 in
1658 3736 1728 3808 aliis
1743 3759 1857 3830 prope

338 3838 466 3911 caulem
487 3834 543 3905 ubi
565 3829 681 3904 solium
701 3847 741 3900 ex
761 3826 855 3897 caule
876 3829 1045 3900 excrescit:
1071 3828 1112 3898 ad
1134 3830 1272 3919 partium
1300 3832 1512 3904 eminentium
1529 3834 1685 3904 ambimm
1708 3836 1742 3904 in
1765 3834 1857 3909 soliis

336 3939 410 4009 vitis
443 3950 543 4030 guttae
565 3931 656 4001 roris
686 3925 782 3998 etiam
812 3921 1038 4020 colliguntur,
1063 3926 1109 3994 uti
1141 3921 1221 3995 olim
1248 3923 1400 3999 llodinus
1434 3926 1514 4023 (a)
1547 3933 1698 4015 notavit,
1739 3929 1854 4006 sedulo

337 4052 476 4104 monens
491 4078 503 4113 ,
517 4046 576 4099 ·-ne
598 4025 693 4097 hunc
717 4019 898 4110 plantarum
928 4019 1077 4093 sudorem
1108 4042 1184 4092 curn
1204 4024 1334 4094 coelesti
1352 4043 1435 4095 rore
1463 4024 1764 4115 confunderemus,
1804 4029 1854 4100 uti
1996 4083 2002 4092 .

338 4130 409 4201 ,liis
430 4144 564 4219 quoque
587 4122 706 4215 pulcris
722 4116 1010 4189 'obseruationibus
1030 4117 1235 4188 confirmavit
1266 4119 1323 4192 cl.
1349 4115 1489 4189 Gersten
1514 4125 1593 4212 (d).

387 4246 437 4294 2⁰.
461 4221 584 4293 Plantae
609 4219 687 4290 vasa
710 4211 867 4298 inclusae,
897 4215 1030 4284 teslaeue
1052 4214 1159 4282 vitreis
1190 4216 1390 4302 campanis,
1424 4211 1459 4283 dc
1481 4216 1566 4285 circa
1594 4218 1722 4288 caulem
1744 4237 1852 4311 prope

335 4322 436 4395 solum
455 4320 570 4391 cinsiae
587 4314 718 4388 laminis
739 4309 902 4404 plumbeis
918 4304 953 4381 dt
967 4329 1062 4396 cera,
1078 4328 1121 4380 ne
1137 4327 1240 4398 uapor
1260 4309 1387 4380 erc-folo
1398 4309 1470 4382 uasa
1486 4313 1612 4406 ingredi
1627 4312 1850 4404 posset,'noc·

333 4440 371 4489 tu
409 4415 627 4508 copiosiorem
664 4432 774 4483 rorem
803 4406 995 4505 colligunt,
1033 4426 1130 4499 quam
1163 4424 1236 4495 qaae
1265 4407 1300 4476 in
1333 4410 1445 4498 aprico
1478 4406 1661 4498 sietemnt3
1694 4416 1781 4489 idem
1811 4415 1849 4490 iu·

334 4518 421 4596 uite,
447 4509 604 4598 tepidario
627 4508 766 4594 inclusa,
791 4527 866 4600 quae
889 4508 988 4579 nosie
1002 4503 1147 4597 qualibet
1158 4523 1270 4594 roam,
1296 4505 1454 4577 obseruari
1474 4506 1591 4597 potest.
1629 4509 1667 4583 ln
1683 4515 1749 4585 vite
1764 4529 1848 4590 con·

333 4613 427 4682 tinuo
452 4603 553 4677 effluit
571 4625 626 4679 rot
642 4604 700 4679 sub
716 4604 1004 4698 sonnaparuarum
1024 4620 1205 4700 gutulum,
1228 4606 1417 4699 ubicunque
1436 4602 1515 4677 solia
1534 4625 1575 4679 ex
1589 4629 1681 4686 ramo
1696 4621 1850 4708 ¹eueunt,'

1735 4743 1739 4748 ·
1802 4729 1849 4785 ex

406 4881 464 4959 (a)
485 4882 572 4946 liciis
593 4882 625 4969 in
644 4882 774 4947 Meteon
794 4884 861 4950 Lib.
881 4888 910 4967 ᾖ.
931 4888 1026 4953 Tres·
1044 4906 1074 4971 3.
1091 4904 1158 4969 pag.
1180 4890 1252 4954 866.

405 4964 468 5044 (b)
487 4963 655 5038 Teutamlu.
678 4963 714 5024 de
730 4963 825 5029 nore.
1154 5040 1188 5113 H
1211 5042 1243 5116 ii
1266 5042 1298 5115 H
