4992 6767
671 678 1239 773 REFRANGlBlLITATE
1268 712 1323 772 nr
1353 688 1687 783 COLORIBUS.
1859 730 1941 817 735

411 878 564 978 quadrata
592 878 823 951 diametrorum
860 881 943 948 inter
975 879 1006 949 sc
1036 879 1122 951 velut
1152 890 1277 954 numeri
1299 889 1458 975 impares,
1488 908 1529 970 1,
1558 911 1598 978 32
1625 911 1658 982 5·
1687 890 1721 961 &
1747 898 1934 977 mensuralis

409 982 567 1052 dimersis
589 978 784 1047 annulorum
811 978 998 1070 nigrorum,
1027 978 1097 1048 sunt
1121 980 1231 1052 harum
1254 983 1407 1071 quadrata
1430 987 1477 1053 uti
1505 992 1628 1057 numeri
1653 1012 1744 1077 pares
1773 1016 1814 1077 e,
1831 1021 1872 1083 4,
1898 1002 1932 1070 6.

410 1075 496 1173 Quia
519 1078 622 1145 lentes
651 1076 708 1145 srbi
730 1074 886 1165 impolita:
912 1074 984 1143 strnt
1009 1074 1193 1165 sphaericae,
1220 1079 1290 1150 sunt
1314 1084 1468 1170 quadrata
1484 1084 1730 1160 diametrorum.
1758 1094 1804 1160 uti
1829 1094 1932 1165 ctasfi·

406 1176 464 1244 ties
491 1172 618 1243 laminae
642 1175 745 1243 a'e'reae
768 1173 802 1241 in
826 1170 899 1261 iplis
923 1173 1076 1243 circulis:
1103 1174 1165 1247 five
1188 1177 1338 1248 cralsrties
1365 1176 1436 1247 sunt
1463 1182 1509 1249 uti
1533 1186 1657 1254 numeri
1682 1191 1851 1259 memorati
1872 1213 1932 1282 pa·

402 1287 453 1342 res
479 1268 514 1342 δι
540 1274 689 1360 impares.

451 1392 484 1491 5.
510 1388 851 1492 mmcccxxxifl.
885 1390 1012 1461 Similes
1034 1393 1227 1465 annulorum
1248 1394 1469 1466 coloratorum
1493 1400 1657 1468 varietates
1687 1406 1781 1475 etiam
1805 1406 1927 1493 spetia-

403 1515 478 1564 mus
506 1494 539 1561 in
565 1489 688 1574 bullis,
713 1513 786 1581 quae
814 1509 854 1557 ex
873 1490 957 1577 aqua
982 1487 1101 1579 sapone
1116 1489 1274 1582 inspillam
1298 1491 1375 1563 flatu
1407 1515 1467 1582 pet
1487 1492 1622 1565 fistulam
1648 1501 1836 1572 tabacariam
1861 1506 1929 1579 sor-

404 1610 548 1661 mantur:
575 1589 637 1657 live
661 1585 758 1657 bullae
781 1585 958 1676 superficiei
982 1584 1150 1662 solutionis
1181 1588 1344 1673 inhllant,
1379 1590 1440 1659 srve
1475 1589 1652 1661 efficiantur
1689 1618 1729 1665 ex
1767 1598 1928 1676 solutione

405 1707 479 1777 quae
501 1684 612 1755 fistulae
630 1686 672 1774 ‚in
696 1686 769 1754 aere
800 1681 993 1773 appendeat.
1042 1682 1081 1755 ln
1104 1688 1268 1775 principio
1291 1686 1371 1755 nulli
1395 1689 1524 1757 colores
1547 1691 1579 1757 in
1607 1691 1701 1761 bullis
1728 1695 1927 1782 spectantur:
2064 1717 2082 1749 0

404 1783 514 1873 aliquo
541 1802 689 1870 tempore
714 1780 822 1868 elapso
849 1800 1081 1869 nonnunquam
1105 1780 1216 1852 oleum
1241 1783 1282 1851 ab
1299 1805 1383 1871 aqua
1406 1785 1520 1873 incipit
1543 1783 1699 1873 separari,
1726 1787 1838 1863 &sub
1857 1796 1926 1885 spe·

403 1881 454 1950 cie
483 1878 619 1949 lamellae
648 1882 800 1948 exteriori
829 1875 1005 1966 superficiei
1031 1877 1129 1947 bullae
1153 1877 1290 1948 insidet:
1316 1881 1393 1949 dum
1418 1883 1550 1950 interior
1576 1881 1700 1953 lamella
1730 1909 1833 1976 aquea
1861 1892 1926 1981 est,

403 1997 445 2046 an
468 1977 574 2045 media
600 1975 748 2066 quedam
773 1973 898 2043 lamella
921 1970 1015 2042 salina
1038 1976 1121 2045 inter
1144 1996 1313 2065 utramque
1335 1976 1491 2046 efficiatur
1517 1980 1674 2049 incertum
1701 1982 1774 2067 cll,
1801 2009 1868 2059 non
1890 2012 1926 2061 e·

403 2075 471 2144 nim
488 2072 549 2143 ¹Sul
570 2074 609 2142 ab
632 2076 731 2162 Aqua
752 2092 815 2142 tam
839 2069 934 2139 saciie
958 2070 1117 2160 separatur
1136 2094 1232 2162 quam
1257 2073 1387 2163 quidem
1405 2072 1526 2144 Oleum
1549 2076 1590 2142 ab
1616 2079 1735 2166 Aqua:
1761 2082 1793 2149 in
1815 2084 1926 2158 oleoso

402 2172 551 2243 exteriori
576 2169 701 2239 lamella
725 2172 886 2258 incipiunt
909 2188 1062 2257 apparere
1089 2170 1239 2248 colores,
1265 2193 1498 2259 nonnunquam
1512 2170 1567 2240 suh
1590 2173 1693 2243 forma
1708 2178 1925 2269 annulorum,

398 2286 486 2355 nunc
518 2264 812 2348 descendentium,
846 2285 933 2333 nune
964 2263 1256 2345 adsccnrlenriunr,
1292 2265 1424 2331 fibulla
1446 2266 1477 2332 se
1505 2275 1721 2338 contmxerit:
1748 2274 1926 2363 aliquando

399 2361 470 2434 sunt
494 2382 616 2431 tantum
638 2362 743 2453 plagae
768 2361 935 2428 coloratae.
986 2357 1128 2424 Colores
1149 2359 1379 2426 descendentes
1401 2358 1508 2427 locum
1533 2359 1653 2431 faciunt
1676 2366 1776 2446 aliis,
1802 2377 1859 2455 qui
1884 2395 1926 2444 ex

399 2477 490 2549 parte
525 2458 679 2546 superiori
715 2454 814 2523 bullae
844 2451 929 2543 quai
959 2454 1165 2545 gignuntur:
1199 2452 1310 2542 postea
1340 2458 1373 2524 in
1395 2474 1485 2545 parte
1508 2455 1604 2528 bullae
1630 2457 1784 2550 superiori
1808 2468 1925 2559 incipit

398 2554 470 2624 fieri
495 2553 645 2622 colorum
671 2549 858 2638 pennir'ri0‚
884 2568 952 2617 tum
980 2550 1067 2616 brevi
1093 2548 1164 2637 post
1189 2550 1304 2620 diffilit.

454 2646 659 2717 Durantibus
683 2642 852 2714 coloribus
876 2642 1022 2712 videmus
1049 2643 1225 2715 fluidorum
1255 2648 1408 2736 quasdam
1433 2671 1538 2739 partes
1562 2655 1603 2722 ab
1626 2658 1718 2724 omni
1744 2657 1843 2730 latere
1870 2661 1927 2734 de·

405 2743 577 2828 scendere,
605 2739 640 2812 dt
664 2741 707 2810 ad
732 2740 879 2809 infimum
902 2738 1000 2809 bullae
1023 2739 1132 2810 locum
1156 2742 1292 2837 colligi,
1328 2747 1361 2813 in
1387 2766 1455 2833 quo
1479 2749 1584 2816 evadit
1609 2751 1814 2840 ciuffiffimi13
1848 2758 1928 2830 durn

400 2860 494 2931 parte
515 2839 660 2928 suprema
687 2836 724 2904 fit
748 2835 943 2905 tenuissima:
968 2838 1121 2925 quamdiu
1143 2840 1241 2931 igitur
1268 2842 1301 2908 in
1323 2841 1410 2910 bulla
1434 2843 1585 2912 cralhties
1609 2846 1768 2935 pelliculae
1790 2853 1832 2919 ab
1857 2875 1929 2924 om·

399 2938 436 3022 ni
459 2956 549 3023 parte
573 2932 704 3022 aequalis
730 2932 796 3014 est,
822 2950 858 2999 ut
880 2933 913 2999 in
935 2934 1098 3020 principio
1125 2929 1158 2999 ἃ
1183 2934 1300 3004 solutio
1323 2935 1450 3025 saponis
1476 2941 1622 3010 nondum
1650 2941 1768 3013 secreta
1794 2948 1826 3016 in
1850 2946 1930 3021 duas

399 3052 503 3120 tresve
524 3028 690 3112 lamellas,
715 3026 807 3097 bulla
829 3049 897 3118 prae
914 3027 1076 3117 pelliculae
1100 3028 1215 3116 aequali
1238 3027 1370 3098 crassitie
1397 3034 1443 3101 est
1464 3034 1586 3103 coloris
1610 3057 1745 3124 expers,
1772 3041 1826 3111 sed
1851 3043 1929 3118 oleo

397 3128 430 3199 se
457 3117 633 3198 extric'ante
665 3144 706 3194 ex
742 3135 856 3213 aqua,
896 3122 1023 3193 lamella
1053 3121 1163 3193 oleosa
1197 3123 1233 3193 fit
1258 3126 1462 3213 tenuissima,
1496 3150 1569 3218 quae
1593 3129 1702 3202 lucem
1724 3134 1865 3225 illapsam
1891 3143 1928 3215 in

399 3225 529 3296 colores
554 3223 693 3314 separat,
719 3217 812 3290 &in
845 3219 984 3289 diversos
1007 3241 1068 3309 pro
1093 3222 1177 3291 varia
1200 3218 1337 3290 lamellae
1358 3222 1476 3293 oleosae
1499 3224 1650 3311 cralhtie,
1678 3250 1749 3316 quat
1773 3253 1840 3303 non
1865 3256 1928 3323 po·

400 3321 460 3392 test
491 3343 559 3392 non
593 3338 753 3410 perpetuo
776 3315 952 3387 increscere
975 3334 1109 3407 propter
1129 3317 1241 3387 oleum
1267 3322 1445 3389 accuratius
1476 3324 1632 3412 temporis
1665 3322 1807 3398 succeffu
1829 3328 1861 3400 se
1884 3351 1926 3406 ex

399 3440 483 3509 aqua
509 3420 690 3498 extricans,
725 3409 759 3483 δι
784 3413 826 3483 ad
850 3417 985 3503 primam
1010 3412 1180 3483 formatam
1205 3414 1365 3484 lamellam
1389 3414 1532 3489 affluens.
1638 3472 1641 3477 -

450 3515 579 3586 Similes
599 3514 753 3583 coloratae
783 3510 878 3578 series
905 3508 1066 3599 parallelae
1092 3513 1124 3577 in
1149 3510 1275 3580 lamella
1295 3511 1475 3599 spectantur
1497 3511 1633 3585 formata
1654 3538 1695 3587 ex
1718 3540 1801 3609 aqua
1833 3523 1926 3614 sapo·

397 3634 519 3694 nacea,
542 3611 596 3679 cui
618 3608 756 3697 scyphus
780 3603 920 3673 inversus
936 3608 1054 3673 vitreus
1074 3607 1263 3689 inmittitur,
1288 3611 1345 3693 qui
1363 3607 1448 3676 lente
1470 3609 1666 3692 extrahitur,
1691 3613 1816 3686 lamella
1837 3624 1925 3694 enim

398 3708 579 3798 saponacea
602 3725 669 3774 turn
704 3724 771 3772 orae
795 3698 1001 3785 adhaerescit,
1026 3700 1097 3770 haec
1119 3699 1251 3771 crailitie
1271 3701 1425 3773 decrescit
1447 3704 1554 3796 polito
1580 3705 1712 3798 Scypho
1740 3713 1774 3781 in
1801 3714 1861 3783 situ
1882 3715 1924 3790 ad

401 3804 506 3876 solurn
535 3798 711 3893 parallelo,
737 3795 772 3868 dt
795 3797 892 3867 series
915 3794 1063 3866 colorum
1089 3800 1188 3867 varias
1213 3797 1355 3867 exhibet.

451 3901 589 3987 Absque
616 3896 695 3966 oleo
724 3890 759 3965 δι
782 3891 845 3962 sale
878 3913 951 3964 cum
985 3912 1067 3981 aqua
1097 3896 1200 3963 mixto
1229 3893 1326 3964 bullae
1359 3914 1414 3965 aut
1437 3895 1573 3971 lamellae
1595 3917 1692 3973 tanta:
1717 3900 1752 3974 dt
1774 3924 1837 3977 tam
1866 3906 1924 3982 diu

397 3997 572 4091 perstantes
596 4014 663 4063 non
682 3991 904 4073 efficerentur,
930 3991 1084 4080 quoniam
1104 4012 1194 4080 purae
1217 4012 1310 4081 aquae
1342 4013 1448 4080 partes
1471 3994 1502 4063 se
1522 3995 1613 4068 tanti
1638 4002 1667 4069 vi
1692 4024 1760 4074 non
1785 4005 1922 4079 trahant.

398 4094 538 4185 Optimo
563 4089 698 4160 consilio
728 4085 829 4156 lillula
858 4106 934 4156 cum
958 4085 1194 4156 adhaerescente
1215 4087 1302 4155 bulla
1326 4088 1522 4175 srrlpenditur
1546 4089 1582 4159 dt
1609 4098 1725 4184 regitur
1744 4102 1849 4169 vitreo
1872 4122 1922 4170 re-

398 4194 558 4282 cipiente,
584 4188 684 4256 stante
707 4188 741 4255 in
765 4181 872 4254 tabula
897 4186 1011 4277 nigra,
1037 4177 1071 4251 δι
1096 4184 1257 4267 inloto,
1293 4182 1509 4266 subobscuro,
1536 4204 1633 4273 quern
1659 4208 1753 4274 parca
1776 4190 1850 4261 Lux
1873 4195 1922 4263 fe·

399 4287 561 4359 neslellarn
584 4305 754 4375 permeans
773 4279 971 4375 ingreditur:
997 4298 1032 4348 ut
1056 4299 1207 4349 extranea
1229 4278 1307 4367 lux,
1333 4297 1489 4367 quantum
1512 4279 1582 4351 fieri
1605 4284 1732 4374 potest,
1756 4307 1920 4363 arceatur:

397 4386 439 4457 ab
462 4384 522 4455 hac
547 4386 635 4452 enim
660 4399 827 4452 accuratus
852 4376 1047 4447 annulorum
1072 4375 1264 4465 conspectus
1289 4377 1442 4447 turbatur.

447 4481 608 4551 Oleosrtas
631 4500 737 4550 autem
762 4497 798 4547 ut
821 4474 971 4546 oleosrras
990 4498 1057 4547 non
1084 4474 1130 4544 est
1147 4473 1239 4545 causa
1254 4476 1488 4566 productorum
1502 4474 1676 4564 colorum,
1702 4502 1776 4554 cum
1792 4484 1920 4559 lamella

397 4583 497 4655 a'e'rea
518 4584 601 4648 inter
623 4578 726 4646 lentes
755 4574 853 4646 efficit
874 4573 1022 4659 colores,
1048 4573 1134 4644 idem
1159 4571 1281 4643 saciant
1305 4573 1383 4645 tales
1402 4570 1537 4646 lamellae
1552 4578 1756 4668 tenuimnae,
1782 4603 1918 4674 quarum

398 4680 531 4750 colores
553 4672 704 4743 differunt
729 4695 790 4762 pro
812 4676 897 4743 varia
921 4671 1118 4743 lamellarum
1144 4671 1295 4743 etaliitie:
1322 4673 1532 4743 nihilominus
1554 4698 1688 4769 quoque
1709 4701 1810 4770 prout
1832 4703 1919 4753 cras·

398 4776 486 4844 fities
510 4769 703 4838 lamellarum
726 4769 905 4841 oleosarum
927 4770 1064 4859 scyphos
1087 4774 1340 4865 obtegentium,
1365 4769 1416 4842 vel
1451 4772 1484 4842 in
1517 4793 1608 4863 aquae
1632 4776 1819 4868 saponaccae
1842 4776 1918 4849 bul·

399 4871 439 4954 lis
465 4864 592 4953 differt,
617 4868 694 4938 varii
714 4864 841 4942 colotes
864 4870 1028 4940 oriuntur:
1052 4868 1095 4941 de
1119 4868 1205 4946 hisce
1230 4869 1327 4941 bullis
1347 4870 1381 4942 in
1401 4869 1539 4965 saponis
1559 4872 1670 4959 lixivio
1693 4875 1916 5040 prolixeNZgit

1867 4985 1921 5034 W·
