4992 6767
803 675 973 774 on
1123 677 1537 772 aon-a
1810 685 2148 804 'aot'

404 885 481 964 sime
501 898 597 975 eque
611 876 772 962 elrlllote,
796 873 866 948 seri
883 875 1011 970 potest,
1033 893 1091 965 ut,
1111 898 1186 972 que
1199 878 1273 964 suat
1286 877 1569 965 minuatlaliioe,
1593 877 1866 974 satgtauliimae,
1895 881 1935 962 dt

405 983 478 1060 solo
503 979 686 1074 proximan
717 972 789 1047 alite
818 977 921 1071 magis
944 973 1102 1058 elasticm
1131 972 1168 1048 ὰ
1187 975 1275 1051 sorte
1295 980 1481 1062 mammes,
1505 981 1565 1049 lint
1579 973 1738 1061 leviores,
1763 973 1799 1046 dt
1816 980 1850 1049 in
1863 983 1934 1053 edi.

406 1084 489 1156 tiora
510 1079 587 1149 loca
606 1070 817 1146 adscendent:
842 1073 920 1145 ideo
944 1071 1196 1164 atmospbaeraa
1215 1077 1326 1149 radice
1340 1075 1384 1148 ad
1405 1079 1563 1150 verticem
1576 1076 1701 1145 montis
1717 1095 1785 1147 non
1808 1076 1934 1152 conlita

403 1199 447 1253 ex
472 1177 548 1250 a‘e're
574 1173 812 1266 lromogeaeo,
843 1168 937 1262 cujus
959 1189 1066 1262 partes
1090 1169 1163 1244 sunt
1188 1172 1298 1245 similis
1321 1172 1587 1259 constitutionis,
1611 1171 1666 1242 sed
1686 1189 1730 1242 ex
1750 1172 1934 1247 admodum

402 1276 649 1369 heterogeneo,
674 1269 722 1338 uti
746 1262 937 1360 sagaciffime
959 1268 1041 1338 olim
1067 1265 1293 1342 Fontenelllus
1317 1269 1493 1362 suspicatum
1515 1271 1579 1341 suit
1599 1267 1693 1437 go).
1743 1270 1934 1345 smenon

402 1377 438 1446 in
460 1371 579 1444 fodinis
600 1390 619 1439 a
643 1364 699 1458 Cl.
726 1362 895 1436 Stroemer
918 1364 1086 1455 inaqualb
1104 1367 1192 1440 aeria
1217 1367 1385 1438 elallicitaa
1415 1364 1579 1439 observata
1615 1371 1683 1449 uit,
1708 1372 1859 1441 mercurii
1873 1370 1932 1440 ad·

402 1468 512 1543 scensu
532 1466 627 1539 lineae
651 1464 748 1535 unios
770 1459 933 1534 interdurn
946 1461 1164 1555 respondente
1186 1464 1350 1536 altitudini
1375 1482 1452 1559 5a,
1476 1466 1553 1536 alibi
1577 1483 1638 1557 71.
1664 1464 1810 1537 ulnarum
1827 1465 1934 1562 angll·

401 1586 513 1640 carum
538 1564 627 1658 (b).
675 1559 779 1634 Forte
799 1558 920 1628 editior
940 1559 1047 1630 adbuc
1062 1562 1119 1632 adr
1131 1580 1269 1654 propter
1279 1559 1406 1657 siguo,
1429 1559 1465 1632 dt
1484 1562 1562 1634 alias
1577 1583 1809 1633 concutientes
1821 1562 1936 1634 causas

401 1664 473 1736 aliis
495 1663 623 1757 legibus
647 1655 834 1748 subjiciunt,
858 1657 1004 1744 quamvls
1017 1653 1118 1751 frigus
1131 1656 1234 1729 solum
1249 1657 1346 1749 possit
1358 1655 1423 1729 esse
1440 1660 1532 1731 causa
1547 1660 1778 1750 phaenomeni3
1802 1660 1935 1732 sienim

401 1762 461 1834 adr
481 1756 658 1830 admodum
679 1753 787 1826 editus
816 1773 897 1824 roo.
922 1751 1075 1848 gradibus
1091 1752 1241 1850 frigidior
1256 1748 1335 1825 a'e're
1358 1776 1465 1847 prope
1487 1756 1591 1828 solum
1610 1754 1741 1841 suerit,
1751 1756 1859 1848 potest
1873 1755 1935 1829 adr

401 1858 509 1933 editus
526 1857 650 1927 ratione
667 1851 798 1946 frigoris
810 1847 874 1924 elle
896 1848 1025 1922 densior
1040 1849 1131 1936 imo,
1157 1849 1235 1924 licet
1255 1853 1383 1921 ratione
1398 1852 1617 1924 incumbentis
1631 1853 1718 1925 aeris
1732 1856 1839 1924 minus
1856 1875 1933 1946 pre·

401 1975 528 2039 matur,
552 1954 641 2026 adeo
657 1969 693 2021 ut
711 1948 770 2021 abr
783 1946 889 2019 editus
902 1946 1005 2044 magis
1021 1944 1058 2016 lit
1072 1945 1212 2040 densus,
1239 1943 1278 2019 dt
1290 1946 1584 2042 elallieua,'quam
1599 1946 1666 2020 sola
1682 1952 1808 2020 ratium
1821 1949 1930 2024 altitu·

400 2051 488 2127 dinis
506 2053 543 2124 in
569 2044 784 2140 atmospbaera
810 2041 875 2117 else
895 2043 1044 2120 deberet.

448 2197 482 2297 5.
507 2193 808 2270 MMCLxXXV.
832 2195 868 2268 Si
888 2193 1109 2286 atmosphaera
1133 2197 1233 2269 adrea
1256 2193 1342 2266 soret
1357 2199 1392 2266 in
1405 2198 1497 2266 omni
1511 2195 1680 2268 altitudine
1696 2221 1791 2290 aeque
1809 2151 1943 2294 densas·

396 2295 531 2394 frigida,
556 2291 593 2365 δι
610 2296 734 2388 gravis,
754 2316 818 2363 nec
833 2291 1079 2378 compressibilis
1096 2295 1132 2357 in
1146 2294 1256 2357 minus
1268 2289 1424 2359 volumen
1440 2290 1534 2360 instar
1550 2312 1667 2381 aquae,
1692 2293 1786 2363 facile
1800 2294 1869 2385 ejus
1880 2297 1928 2366 al.

397 2393 506 2467 timdo
521 2393 740 2469 invenirefflri
756 2404 919 2475 ponamus
934 2384 1024 2452 enim
1033 2383 1181 2473 pondera
1196 2381 1347 2476 specifica
1363 2386 1472 2470 adria,
1489 2381 1634 2478 &aquae
1645 2385 1758 2475 esse,t
1779 2384 1815 2460 dt
1831 2390 1930 2483 870,

398 2492 476 2581 quia
499 2485 637 2581 gravitas
659 2483 759 2553 totius
778 2475 1003 2571 atmospbarae
1018 2479 1213 2574 aequipollet
1239 2501 1300 2574 33.
1320 2482 1459 2574 pedibus
1472 2505 1584 2576 aquae,
1610 2479 1743 2557 &unm
1755 2506 1815 2578 pes
1832 2507 1929 2578 aquae
2076 2545 2086 2556 .

399 2586 439 2656 fit
462 2585 497 2654 in
522 2577 703 2676 aequilibrio
723 2598 799 2648 cum
826 2577 911 2669 870.
935 2576 1076 2669 pedibus
1102 2579 1188 2652 aeris
1209 2580 1445 2674 intltitudine,
1460 2602 1564 2653 erunt
1587 2601 1646 2675 33.
1673 2582 1776 2675 pedes
1785 2604 1880 2674 aquo
1893 2587 1934 2659 in

400 2678 589 2771 aequilibrio
606 2695 683 2746 curn
703 2675 789 2747 airis
810 2674 949 2766 pedibus
977 2675 1050 2768 870
1072 2687 1111 2756 >a
1142 2696 1188 2769 33
1208 2695 1255 2748 =
1268 2677 1402 2773 28710.
1428 2699 1526 2769 atque
1539 2677 1611 2750 haec
1632 2679 1929 2772 soretatmosplrae-

402 2799 446 2850 rae
470 2771 630 2845 altitudo:
652 2791 765 2848 return
785 2773 830 2844 ita
851 2772 910 2844 alit
932 2790 1140 2865 comparamus
1163 2773 1319 2858 nonest,
1343 2795 1415 2864 quo
1438 2777 1525 2843 enim
1553 2776 1627 2864 plus
1654 2777 1700 2845 est
1725 2776 1932 2868 compressus

399 2895 419 2945 a
442 2870 594 2964 pondere
609 2867 784 2959 superiori,
809 2868 856 2939 est
869 2868 1018 2956 densior,
1043 2871 1152 2942 minus
1165 2869 1389 2960 compressus,
1413 2869 1515 2940 rarior
1531 2868 1598 2955 elia
1620 2868 1719 2966 igitur
1734 2875 1790 2961 qul
1808 2873 1866 2944 air
1879 2874 1929 2943 al-

400 2971 466 3040 tior
494 2967 667 3052 minusque
681 2963 901 3053 compressus,
925 2967 959 3036 in
976 2967 1176 3056 quantitate,
1191 2987 1267 3053 quae
1283 2971 1345 3037 erit
1357 2965 1505 3055 ejusdem
1520 2967 1697 3057 ponderis,
1720 2967 1849 3059 majans
1865 2989 1926 3040 vo·

398 3062 553 3153 luminis,
574 3057 637 3130 live
651 3057 780 3151 majoris
796 3059 973 3130 altitudinis
987 3064 1066 3132 erit:
1093 3061 1241 3150 sitaque
1255 3059 1328 3133 Lex
1344 3061 1560 3144 elallicitatis,
1586 3083 1660 3152 que
1676 3066 1712 3134 in
1726 3065 1806 3136 a'e're
1819 3085 1931 3158 prope

399 3160 503 3234 solum
528 3155 595 3240 eil,
618 3175 678 3247 per
700 3172 801 3227 totam
820 3153 1026 3228 altitudinem
1048 3155 1276 3247 aonosphaerae
1296 3157 1408 3228 locum
1428 3155 1581 3241 haberet,
1605 3157 1715 3247 polito
1729 3160 1838 3231 calore
1853 3163 1929 3234 ubi-

397 3260 446 3330 vis
470 3250 616 3346 aequali,
638 3250 734 3324 facile
754 3254 851 3324 etiam
872 3251 1010 3326 altitudo
1033 3253 1108 3326 baee
1128 3251 1350 3338 definiretur,
1381 3253 1428 3322 uti
1445 3250 1593 3324 fecerant
1616 3251 1818 3348 Marianus,
1843 3252 1928 3328 Hal

401 3354 504 3444 leyus,
532 3348 567 3421 dt
591 3348 645 3421 alii
669 3350 749 3445 (c).
796 3349 864 3422 Sed
879 3353 955 3442 quia
972 3352 1027 3421 illo
1039 3348 1111 3422 Lex
1128 3348 1370 3421 elallicltatisin
1387 3347 1541 3440 superiori
1558 3350 1637 3422 aire
1651 3351 1762 3424 locum
1778 3373 1847 3424 non
1866 3351 1924 3424 ha·

398 3451 473 3534 bet,
498 3448 552 3520 sed
569 3447 630 3518 alia
643 3446 696 3517 lex
711 3451 899 3541 incognita,
924 3470 999 3535 quae
1014 3446 1155 3517 amttltis
1170 3446 1294 3537 pendet
1306 3443 1573 3529 circmostantlis,
1591 3447 1610 3515 l
1625 3446 1771 3542 frigore,
1790 3449 1927 3537 olore,

397 3548 563 3636 aliisque,
594 3561 669 3611 vera
693 3541 830 3610 altitudo
851 3541 1080 3627 atmosphterae
1105 3541 1312 3609 dctennlnari
1334 3542 1503 3632 hucusque
1524 3562 1593 3610 non
1613 3547 1737 3629 potuit:
1763 3543 1926 3636 Halleyus

398 3664 472 3714 earn
497 3639 721 3727 suppuraverat
746 3653 804 3724 45.
829 3633 1014 3703 milliarium
1035 3634 1316 3722 Britannicarum,
1340 3632 1428 3704 haud
1452 3634 1553 3704 dubie
1574 3636 1676 3726 major
1696 3637 1742 3706 est
1763 3639 1929 3728 altitudog-

398 3739 470 3810 sunt
487 3730 699 3821 Philosophi,
718 3733 775 3820 qui
797 3751 869 3801 eam
893 3750 979 3820 500.
997 3729 1179 3801 milliarium
1202 3728 1398 3814 statuerunt,
1424 3729 1478 3800 sed
1491 3731 1617 3820 absque
1631 3730 1797 3804 sufficienti
1809 3733 1928 3807 sunda·
2039 3801 2042 3810 .

398 3854 530 3906 mento:
550 3828 659 3903 ueluti
681 3847 815 3918 quoque
838 3825 993 3896 incaffunr
1019 3826 1189 3915 bucusque
1211 3845 1254 3895 ex
1275 3829 1370 3897 uariis
1397 3826 1577 3897 Barometri
1600 3827 1843 3918 altitudinibus,
1869 3853 1925 3904 va·
2041 3821 2045 3862 ³

398 3935 461 4002 rias
481 3931 628 4000 locorum
642 3923 825 3995 altitudines
843 3922 1004 3993 dedocere
1021 3923 1131 3993 conati
1146 3919 1218 3993 sunt
1232 3919 1442 4013 Philosophi3
1468 3944 1542 3994 nam
1558 3923 1719 4020 allrgtratae
1732 3925 1938 4003 altitudines
2034 3979 2039 3986 .

399 4050 466 4100 non
483 4041 629 4095 accurate
644 4041 719 4091 cunr
734 4018 929 4090 immediatis
943 4017 1118 4107 mensuris,
1133 4017 1197 4090 five
1211 4013 1487 4091 observationibus
1500 4026 1722 4108 conveniunt,
1739 4027 1784 4093 uti
1794 4026 1926 4114 prolixe

397 4125 546 4217 probavit
569 4115 663 4190 Nob.
691 4113 858 4212 Georgius
876 4113 961 4208 Juan
987 4115 1085 4210 (d).
1111 4135 1175 4186 nec
1196 4118 1372 4187 convenire
1386 4111 1519 4207 poliunt
1538 4135 1673 4205 propter
1688 4119 1825 4190 diversas
1836 4141 1924 4193 mer·

397 4224 479 4294 curii
501 4216 686 4290 altitudines
709 4215 802 4286 variis
824 4213 1040 4304 temporibus.

453 4383 488 4476 §.
524 4377 865 4457 MMCLXXXVI.
890 4373 1075 4452 Methodus
1094 4368 1321 4467 annospbaerae
1332 4367 1535 4446 altitudinem
1546 4393 1591 4447 err
1602 4373 1800 4472 crepusculis
1816 4377 1921 4499 detes

1860 4495 1922 4558 inv

478 4655 537 4732 (a)
557 4652 725 4716 L'lllstoire
744 4653 781 4716 de
801 4656 930 4719 L’Actd.
950 4657 1029 4737 Roy.
1048 4657 1102 4721 no.
1127 4658 1214 4732 1708·
1235 4670 1300 4734 Ρη·
1323 4669 1370 4725 17·

480 4738 540 4809 (ι)
561 4733 768 4808 orationeque
790 4734 955 4795 sarronae
977 4741 1032 4798 no.
1057 4752 1145 4812 174⁷·
1164 4748 1238 4812 part
1263 4749 1290 4793 a·
1312 4749 1377 4810 rte·
1399 4738 1450 4813 ⁶3·

481 4817 538 4885 (r)
558 4811 758 4886 Philosopbic.
778 4813 923 4875 Transeo.
945 4817 1004 4875 No.
1030 4821 1095 4879 181.
1115 4815 1238 4875 Matilo.
1261 4812 1429 4884 Philosopla.
1450 4811 1610 4881 Brlnrolc.
1630 4817 1701 4884 Vol.
1719 4829 1756 4884 2ae
1769 4835 1836 4902 pig·
1852 4834 1899 4894 29

480 4890 540 4970 (a)
560 4891 680 4968 George
697 4889 769 4967 Juan
792 4890 1004 4956 obseruatione
1021 4892 1225 4974 Δίὶιοιιοπιῐι)
1243 4892 1280 4958 l..
1301 4893 1340 4956 V·
1362 4892 1427 4956 Chr·
1439 4907 1472 4970 ει·
1488 4889 1518 4956 ⁸
1536 4909 1570 4973 s·
1826 4891 1848 4912 ⁵
