4992 6767
540 713 1633 831 oumaraonrsaouats.
1747 757 1849 846 1013

320 934 388 1005 lem
424 922 521 995 instar
551 919 647 992 maris
675 909 948 988 vehemeniiliime
978 909 1117 1006 agitati,
1150 909 1431 1007 &plurimorum
1464 931 1616 989 curruum
1649 921 1846 1000 velocissime

320 1032 487 1100 veriorum
514 1019 607 1110 supra
634 1015 725 1086 strata
746 1008 872 1099 lapidea
895 1011 1051 1080 comitem
1075 1009 1206 1097 babuit,
1232 1033 1368 1106 propter
1391 1035 1519 1086 motum
1550 1019 1746 1090 vorticosum
1776 1043 1846 1096 tum

322 1127 407 1197 aens
430 1118 620 1196 ambientis,
644 1130 714 1181 tum
741 1109 839 1198 ipsius
862 1109 1023 1191 turbinis,
1055 1107 1191 1195 adrem,
1218 1107 1254 1180 ἃ
1277 1111 1404 1204 objecta
1432 1111 1599 1201 ferientis,
1645 1115 1846 1208 dejicientis.

323 1243 400 1314 que.
449 1217 644 1305 Plerumque
665 1229 735 1279 non
756 1205 890 1289 definit,
915 1208 1103 1296 priusquam
1122 1208 1226 1280 nubes
1242 1213 1372 1300 penitus
1388 1209 1537 1300 delapsa,
1559 1233 1614 1282 aut
1630 1214 1739 1286 saltem
1762 1217 1848 1288 mul·

323 1341 393 1390 tum
414 1319 537 1385 minuta
559 1309 615 1380 est.
648 1303 730 1402 Quo
750 1302 853 1396 major
873 1301 919 1372 est
943 1305 1061 1387 turbo,
1087 1307 1240 1376 maturius
1261 1308 1497 1397 corrumpitur,
1522 1311 1595 1383 tota
1615 1313 1702 1383 nube
1718 1315 1752 1386 ῑῃ
1768 1335 1845 1388 eum

325 1415 431 1488 versi:
457 1429 556 1482 nemo
578 1403 740 1478 turbinem
762 1419 836 1472 toto
865 1399 919 1470 die
947 1401 1046 1487 vidit,
1071 1421 1114 1471 ne
1137 1399 1218 1474 hori
1239 1403 1393 1496 quidem,
1418 1405 1497 1476 mira
1521 1405 1675 1481 velocitas
1696 1410 1785 1504 ejus,
1810 1407 1848 1484 dt

327 1516 408 1584 mira
432 1510 569 1580 brevitas
591 1501 648 1575 est.

376 1609 440 1679 Per
465 1601 645 1675 universum
670 1617 825 1670 terrerum
851 1595 965 1667 orbem
988 1594 1197 1668 observantur
1220 1599 1390 1686 turbines;
1425 1618 1533 1672 tamen
1554 1599 1626 1674 sunt
1658 1603 1850 1696 frequentis.

327 1709 395 1779 frmi
419 1708 452 1775 in
475 1703 554 1772 marl
575 1696 829 1779 mediterraneo,
855 1693 889 1765 in
916 1692 1006 1779 Syria
1028 1713 1134 1782 prope
1157 1692 1377 1784 Laodiceam,
1403 1695 1559 1792 Greeg0‚
1585 1695 1621 1769 da
1638 1701 1850 1788 carmelum,

328 1822 461 1876 notante
485 1799 552 1870 Th.
567 1796 664 1868 Shaw
690 1791 781 1887 (a).
829 1788 953 1859 Verum
978 1791 1011 1857 in
1036 1792 1116 1858 marl
1143 1787 1345 1862 Germanico
1371 1797 1467 1863 etiam
1490 1797 1573 1884 saepe
1596 1797 1667 1868 sunt
1694 1798 1853 1871 observati

328 1925 347 1973 a
369 1899 484 1971 nostris
503 1893 728 1988 piscatoribus.
766 1885 928 1983 Quando·
945 1903 1053 1955 nautae
1083 1886 1243 1956 turbinem
1269 1887 1382 1958 vident
1403 1892 1753 1980 appropinquantem,
1778 1897 1852 1990 glo-

328 2002 391 2071 bos
414 1996 536 2066 serreos
559 1994 593 2063 in
617 2009 693 2061 eum
713 1986 912 2079 explodunt,
938 1984 982 2053 ita
1003 1980 1181 2053 breviffime
1193 1982 1384 2071 destruitur,
1409 1989 1599 2074 ceteroquin
1615 1992 1756 2082 integras
1771 2012 1853 2062 con.

329 2099 422 2169 vertit
448 2111 555 2163 naves.
925 2159 930 2174 Ι

381 2191 559 2260 Utilitatem
586 2182 722 2252 turbinis
745 2180 895 2253 novimus
914 2173 1068 2259 nnllam,
1102 2173 1156 2242 sed
1188 2176 1323 2262 quidem
1358 2198 1491 2271 magnas
1523 2178 1751 2267 calamitates,
1775 2201 1857 2273 quas

329 2291 423 2362 rebus
446 2283 581 2353 terrenis
605 2277 727 2370 insert.¹

378 2408 410 2506 q.
436 2394 822 2476 lllbllCCCLXXXlV.
855 2394 1014 2467 Oriuntur
1046 2417 1180 2489 quoque
1210 2399 1354 2470 turbines
1375 2399 1510 2491 aquei,
1542 2403 1598 2492 qui
1621 2420 1689 2474 non
1712 2401 1858 2493 pendent

329 2531 371 2581 ex
394 2504 558 2587 nubibus,
585 2497 638 2569 sed
662 2514 786 2566 tantum
811 2493 881 2564 sunt
901 2491 1064 2565 columnae
1087 2517 1229 2584 aqueae,
1262 2519 1336 2586 quae
1357 2517 1399 2567 ex
1418 2519 1501 2588 aqua
1522 2499 1564 2569 ad
1584 2497 1725 2590 aliquam
1751 2499 1860 2572 altitu·

330 2608 440 2690 dinem
463 2621 481 2669 a
507 2616 607 2668 vento
631 2590 793 2666 verticoso
816 2588 1032 2679 attolluntur,
1065 2591 1085 2661 ὲ
1111 2591 1188 2662 loco
1211 2594 1244 2662 in
1270 2591 1409 2679 locum,
1441 2597 1588 2686 quamvis
1621 2617 1688 2668 non
1718 2597 1858 2670 multum

331 2700 492 2789 dissitum,
519 2691 705 2784 pelluntur,
731 2687 850 2759 deinde
877 2687 1024 2780 pondere
1048 2688 1204 2760 decidunt
1232 2692 1267 2760 in
1291 2709 1428 2774 tertam,
1452 2690 1503 2762 vel
1527 2713 1663 2781 aquam:
1688 2697 1731 2763 ita
1756 2693 1859 2764 Anno

335 2817 443 2888 1754.
467 2794 521 2863 die
547 2807 593 2882 27
618 2787 707 2881 Junli
733 2787 808 2878 post
830 2785 944 2856 horam
972 2809 993 2856 a
1018 2786 1274 2877 pomeridianam
1300 2789 1333 2855 in
1357 2787 1473 2858 vicinia
1500 2789 1587 2856 urbis
1612 2786 1759 2857 llarlemi
1776 2811 1861 2878 aqua

331 2915 372 2964 ex
394 2892 494 2982 Spera
519 2887 560 2957 ad
583 2885 783 2955 altitudinem
813 2901 859 2976 50
884 2880 936 2954 vel
962 2883 1009 2952 60
1035 2883 1157 2973 pedum
1180 2882 1414 2966 attollebatur,
1446 2883 1685 2978 impingebatur
1709 2885 1743 2953 in
1775 2884 1863 2953 aedes

331 3008 437 3081 prope
461 3001 597 3077 pontem
621 2981 777 3074 longum,
802 2979 971 3076 frangebat
993 2978 1113 3050 domits
1141 2981 1282 3064 redum,
1306 2976 1340 3050 dt
1364 2977 1517 3050 fenestras
1535 2982 1650 3052 vitreas
1669 2981 1750 3051 intra
1779 2999 1864 3066 tern-

332 3107 394 3180 pus
415 3087 509 3154 unius
533 3079 669 3166 minuti,
697 3095 767 3145 tum
789 3075 831 3144 de
857 3097 900 3146 eo
922 3078 1028 3146 adium
1052 3094 1130 3145 erat.
1847 3077 1852 3090 ·

384 3180 529 3254 Similem
552 3174 738 3247 Praesterem
761 3193 802 3244 ex
828 3173 900 3242 lacu
926 3171 1122 3258 oriundum,
1146 3167 1181 3241 ἃ
1203 3169 1417 3263 provolutum
1443 3170 1534 3264 supra
1553 3173 1759 3245 tetraesolum
1781 3174 1863 3250 ultra

336 3297 391 3446 -}
418 3327 559 3398 milliaris
584 3343 738 3415 partem,
771 3318 954 3409 multasque
982 3318 1174 3390 inserentem
1200 3318 1330 3411 injurias
1361 3322 1395 3390 in
1425 3317 1594 3392 Moklinta
1625 3321 1727 3394 Anno
1759 3339 1862 3415 1725.

335 3478 435 3554 vidit,
460 3472 494 3541 &
516 3473 682 3562 eleganter
704 3465 866 3551 descripsit
888 3462 1057 3531 Kalsenius
1083 3463 1173 3554 (b).

335 3561 337 3570 ¹
384 3577 595 3666 Dampierius
619 3572 698 3636 vidit
723 3569 820 3633 etiam
837 3564 871 3632 in
895 3565 973 3631 mari
998 3562 1138 3650 pacifico
1164 3563 1352 3635 Praellerem
1370 3568 1442 3652 sex,
1462 3568 1513 3637 vel
1537 3571 1659 3658 septem
1682 3572 1865 3666 hexapedas

339 3678 461 3756 altum,
487 3687 588 3760 quem
612 3659 813 3752 impetuosus
838 3658 1052 3752 comitabatur
1077 3679 1211 3746 ventus,
1237 3660 1291 3731 sed
1318 3660 1437 3751 absque
1462 3662 1550 3734 nube
1575 3664 1597 3758 (
1626 3664 1663 3759 ).

389 3773 466 3844 Fuit
486 3784 620 3858 quoque
645 3756 829 3830 ebremarus
850 3757 883 3825 in
909 3751 1001 3827 Lacu
1023 3751 1200 3842 Lemano,
1226 3758 1289 3830 acii
1310 3757 1464 3830 columna
1483 3779 1525 3830 ex
1551 3761 1654 3834 sundo
1675 3783 1768 3854 aquae
1800 3767 1865 3842 sur·

292 3876 295 3884 '
341 3874 408 3943 sum
431 3859 656 3938 adscendisset:
683 3851 875 3944 conspet‘lus
899 3852 959 3948 suit
984 3872 1132 3950 tempore
1152 3854 1294 3926 duorum
1319 3853 1373 3927 vel
1395 3858 1491 3926 trium
1520 3862 1749 3950 minutorum,
1774 3863 1865 3938 illico

342 3967 456 4039 densus
477 3964 580 4053 uapor
603 3976 644 4028 ex
666 3949 750 4042 aque
771 3949 816 4020 ibi
842 3947 908 4020 loci
932 3947 1120 4037 adscendit,
1153 3952 1344 4045 ebulliitque
1368 3951 1457 4024 lacus
1482 3976 1550 4027 non
1575 3957 1691 4044 aliter,
1718 3983 1814 4051 quam
1840 3962 1866 4034 li

343 4067 374 4137 so
400 4066 525 4135 elevare
548 4060 702 4146 niteretur
727 4045 811 4144 (d).
860 4045 961 4119 Forte
989 4046 1030 4118 ad
1054 4046 1142 4122 hunc
1165 4051 1348 4142 praellerem
1374 4053 1459 4144 ignis
1481 4051 1703 4126 subterraneus
1725 4079 1867 4130 concur-

344 4168 405 4248 rit,
436 4165 491 4253 qui
515 4178 556 4227 ex
577 4151 681 4224 sunda
702 4145 791 4217 lacus
814 4167 987 4237 erumpens
1011 4147 1191 4236 impositam
1219 4169 1313 4236 aquae
1336 4143 1522 4216 columnarrr
1551 4153 1584 4220 in
1609 4151 1709 4220 altum
1732 4153 1865 4248 egeliit,

344 4281 399 4329 aut
424 4279 464 4326 ex
488 4274 569 4324 cavo
594 4249 801 4320 subtemneo
823 4243 942 4336 Jaetum
967 4265 1059 4335 aquae
1083 4239 1183 4314 fontis
1205 4243 1303 4315 instar
1327 4245 1360 4313 in
1383 4240 1482 4314 altum
1507 4243 1680 4317 ericitavit:
1706 4248 1783 4320 hinc
1804 4251 1866 4322 ob·

343 4376 434 4425 ottus
456 4356 551 4423 etiarn
578 4345 685 4418 sumus
704 4371 728 4432 ,·
752 4337 786 4413 δε
809 4341 896 4411 lacus
919 4340 1093 4411 ebullitio:
1125 4340 1191 4412 hoc
1214 4361 1323 4412 autem
1346 4361 1414 4411 non
1439 4339 1624 4433 infrequens
1656 4343 1702 4416 est
1730 4349 1763 4418 in
1791 4344 1866 4420 lacu

342 4450 515 4525 Lernaeo:
549 4467 624 4518 nam
647 4459 796 4533 tempore
815 4438 1016 4531 tranquillo,
1047 4438 1200 4532 coeloque
1229 4440 1342 4526 sereno
1371 4438 1455 4534 saepe
1481 4461 1564 4534 aqua
1586 4445 1621 4516 in
1645 4463 1688 4517 eo
1709 4445 1865 4517 intumes.

1798 4561 1864 4629 ctt,

445 4737 478 4802 al
500 4733 622 4796 Travels
645 4744 677 4794 to
698 4733 834 4808 Barbary.
859 4752 925 4810 pag.
942 4737 1012 4806 362.

444 4821 481 4886 l)
503 4814 573 4872 Afra
589 4814 722 4872 Litterar.
740 4812 848 4871 Soecra
867 4815 917 4873 llo.
937 4828 1022 4885 ηας.
1045 4829 1108 4888 pag.
1131 4820 1197 4875 rod.

442 4901 478 4968 c)
500 4890 650 4950 i'lliiloire
673 4891 710 4946 do
729 4890 840 4950 l'Aend.
864 4893 1120 4966 Roy.A⁰.174r.
1143 4911 1208 4971 pag.
1224 4908 1273 4968 ap.

442 4974 481 5050 d)
504 4973 622 5047 voyage
644 4983 700 5030 aux
715 4969 741 5029 Τ
744 4984 819 5027 erres
837 4969 994 5030 Australes.
1016 4972 1104 5032 Tam.
1121 4973 1158 5032 V.

1090 5065 1175 5138 illm
1201 5086 1275 5136 mm
1301 5086 1422 5135 ruma

422 4741 436 4816 (

420 4824 436 4891 l

420 4905 432 4968 l

421 4977 436 5052 l
