4992 6767
640 695 752 788 nn
807 671 1716 814 meraoar'snouars.
1824 717 1936 822 ...ς

453 901 512 976 De
534 896 624 972 coelo
651 897 749 968 etiarn
771 892 939 986 lapidavit:
964 912 1039 964 narn
1062 913 1192 966 montes
1214 890 1369 968 Vulcanii
1394 915 1630 991 nonnunquam
1658 902 1823 995 ingentem
1846 905 1931 978 mul-

403 1002 575 1080 titudinem
603 993 748 1086 lapidum
775 1009 951 1074 evomunt,
976 992 1009 1061 in
1035 1012 1183 1088 magnam
1208 990 1430 1080 altitudinem,
1454 991 1489 1066 δι
1513 998 1554 1067 ad
1577 998 1652 1069 loca
1674 996 1774 1068 diffita
1802 1002 1928 1090 pellun-

405 1123 478 1184 tur,
503 1101 537 1167 in
559 1116 633 1186 quae
657 1092 735 1161 dum
756 1086 938 1174 decidunt,
969 1088 1132 1179 lapidibus
1155 1089 1268 1180 pluere
1293 1091 1411 1167 dicitur
1435 1091 1522 1190 (a).
1572 1093 1626 1165 Ex
1652 1094 1819 1185 Cotopaxi
1842 1098 1928 1188 eiec-

403 1203 427 1274 ti
453 1191 688 1283 suntlapides,
714 1207 854 1279 quorum
881 1186 1052 1276 quodlibet
1073 1187 1156 1258 latus
1183 1188 1203 1259 8
1230 1188 1281 1259 vel
1306 1209 1330 1278 9
1354 1192 1509 1280 pedum,
1534 1193 1575 1264 ad
1602 1193 1803 1266 intervallum
1830 1200 1927 1270 trium

402 1295 585 1370 milliarium
613 1285 700 1384 (b),
724 1283 779 1354 sed
794 1281 895 1355 multa
911 1282 983 1355 sunt
1002 1282 1152 1376 exempla
1174 1283 1326 1374 lapidasse
1353 1291 1437 1382 (c),
1464 1293 1607 1379 quamvis
1625 1291 1817 1381 plerumque
1831 1315 1926 1388 gran·

401 1392 584 1472 dinaverit,
617 1405 694 1456 cunt
724 1379 876 1472 lapidasse
903 1384 945 1455 ab
975 1382 1142 1452 autoribus
1171 1381 1217 1453 est
1241 1383 1408 1474 proditum
1435 1387 1483 1480 (d
1490 1391 1515 1466 l.
1565 1385 1697 1458 Rumor
1721 1387 1927 1486 spargebatur

400 1487 515 1586 pluisse
541 1484 692 1567 Tritico,
725 1497 801 1550 cum
831 1497 956 1550 ntntutn
986 1480 1104 1550 semina
1134 1479 1259 1552 arboris
1292 1479 1376 1552 Toxi
1398 1504 1418 1553 a
1444 1504 1544 1556 vento
1570 1483 1697 1554 exculla
1714 1483 1861 1570 suerunt,
1888 1485 1926 1558 dt

401 1584 547 1682 quumvis
569 1579 640 1653 haec
668 1579 689 1650 fi
793 1596 863 1648 non
887 1574 1026 1646 multum
1050 1579 1275 1659 conveniant,
1307 1579 1518 1654 nihilominus
1550 1583 1696 1676 ignarum
1725 1583 1842 1679 vulgus
1865 1585 1927 1658 bu·

398 1682 543 1780 jusmodi
566 1678 628 1749 fert
646 1676 682 1772 Ju
707 1677 767 1746 'cla
794 1667 873 1770 (e);
892 1673 942 1742 ita
964 1667 999 1740 δι
1021 1671 1102 1741 alius
1126 1673 1232 1743 imber
1253 1671 1376 1760 Tritici,
1394 1679 1609 1762 narrabatur,
1641 1681 1696 1768 qui
1717 1680 1821 1750 modo
1843 1702 1926 1752 con·

401 1782 503 1853 stabat
522 1799 563 1847 ex
584 1774 748 1847 vermibus
770 1769 934 1860 vesparum
957 1787 976 1837 a
999 1785 1099 1836 vento
1120 1767 1337 1859 projediarum
1360 1793 1419 1861 per
1440 1776 1548 1844 adrem
1578 1777 1612 1844 in
1637 1778 1786 1859 tedium,
1818 1798 1927 1847 came·

401 1898 517 1968 rusque
540 1875 676 1946 domus:
702 1869 758 1941 Cl.
779 1865 935 1939 Nolletus
964 1863 1090 1953 prodit,
1116 1885 1234 1957 grana,
1260 1867 1379 1954 quibus
1401 1868 1555 1958 pluerat,
1586 1869 1677 1940 fuisse
1699 1892 1823 1942 tantum
1854 1895 1928 1964 pat·

400 1997 460 2047 vos
480 1973 598 2044 bulbos
620 1965 811 2040 Chelidonii
837 1963 997 2047 minoris;
1029 1957 1122 2052 hujus
1144 1962 1232 2031 enim
1258 1961 1377 2053 plantae
1402 1965 1525 2033 radices
1548 1964 1620 2033 sunt
1643 1967 1850 2051 tenuiffimae,
1876 1992 1928 2040 re·

400 2092 485 2164 punt
505 2073 540 2141 in
561 2066 729 2158 superficie
752 2081 865 2145 terrae,
890 2059 1064 2142 siccantur,
1089 2056 1196 2127 bulbis
1213 2057 1454 2148 superstitibus,
1475 2057 1510 2129 ἃ
1527 2059 1657 2142 solutis,
1684 2063 1741 2152 qui
1759 2062 1829 2132 haec
1854 2086 1928 2157 gra·

399 2192 442 2240 na
463 2167 661 2235 mentiuntur
687 2155 763 2256 (f).
815 2155 1013 2229 Fabulosum
1029 2153 1095 2232 est,
1119 2174 1194 2219 cum
1212 2154 1456 2238 dieimrpluille
1471 2153 1596 2241 Ladte,
1622 2154 1732 2227 Carne
1759 2157 1835 2255 (g).
1863 2157 1928 2244 Vis

399 2264 472 2338 tulis
499 2259 592 2354 (h),
617 2254 709 2328 Lana
736 2252 810 2344 (i).
834 2253 1003 2326 Piscibus,
1028 2243 1152 2329 Ferro',
1179 2241 1285 2313 Ranis
1312 2245 1391 2338 (k).

444 2357 515 2428 Lac
536 2357 626 2423 enim
655 2351 703 2416 est
731 2344 928 2437 productum
953 2339 1111 2425 animale,
1136 2337 1170 2408 id
1192 2338 1271 2411 licet
1296 2361 1339 2412 ex
1369 2344 1456 2413 bove
1479 2346 1514 2415 in
1538 2364 1619 2414 urna
1641 2344 1820 2432 mulctum,
1846 2347 1880 2420 dt
1905 2371 1927 2422 a

397 2448 582 2550 praerapido
606 2461 707 2517 vento
730 2443 797 2513 ruri
816 2437 999 2522 sublatum,
1021 2442 1305 2552 transveslumque
1327 2441 1361 2509 in
1386 2439 1485 2510 aliurn
1507 2441 1619 2512 locum
1643 2462 1708 2513 tam
1729 2447 1844 2541 exigua
1867 2446 1930 2520 fuit

398 2533 1343 2726 milla?lllassmclliehsslilahssilrlflff‘itlld‘}
1362 2540 1778 2735 ssissszlisa,
1802 2663 1821 2711 .
1846 2641 1930 2715 aa.

400 2742 515 2817 bundo
532 2757 653 2824 vento,
675 2755 765 2806 auca
778 2731 928 2825 praestere
951 2734 1016 2803 ruri
1039 2732 1074 2800 in
1092 2730 1191 2801 altum
1205 2729 1343 2821 potuisse
1360 2730 1431 2801 tolli
1454 2731 1613 2818 vitulum,
1638 2730 1733 2804 &ad
1756 2737 1853 2809 aliurn
1875 2742 1928 2812 lo·

401 2863 479 2914 cum
499 2833 680 2918 transferri,
705 2830 806 2904 veluti
831 2832 933 2900 Anno
961 2847 1065 2922 1750.
1091 2830 1125 2897 in
1150 2849 1238 2923 pago
1263 2827 1438 2897 Berkoude
1460 2833 1589 2918 evenit,
1616 2831 1706 2919 cujus
1729 2840 1853 2904 mentio
1872 2839 1929 2911 fiet

399 2937 502 3024 insta,
528 2937 585 3005 ubl
610 2931 652 3002 de
673 2927 828 2999 Praellere
847 2947 957 3022 agana:
983 2925 1037 2994 sed
1059 2945 1128 2994 non
1152 2924 1259 3016 potest
1282 2925 1336 2995 hic
1356 2943 1492 2995 eventus
1518 2923 1627 3014 pluvia
1650 2930 1776 2997 vocari:
1802 2951 1930 3005 cetero·

400 3038 479 3127 quin
504 3027 632 3124 pluisset
655 3026 798 3110 aedibus,
825 3027 938 3107 tediis,
964 3020 1145 3105 asseribus;
1170 3042 1245 3091 curn
1275 3020 1347 3104 haec
1370 3024 1481 3089 omnia
1504 3021 1524 3090 d
1546 3022 1825 3098 vehementiffituis
1851 3050 1931 3104 ven·

399 3136 439 3204 tis
461 3131 682 3210 destruantur,
708 3120 743 3194 dt
768 3140 1003 3210 nonnunquam
1028 3118 1068 3188 ad
1093 3116 1167 3186 loca
1189 3115 1291 3186 diffisa
1311 3114 1464 3186 ferantur.

444 3255 477 3354 s.
502 3244 820 3327 MMCCCLXXI.
847 3238 1016 3338 Quoniam
1036 3241 1145 3333 pluvia
1163 3261 1223 3329 per
1243 3241 1356 3314 a'erem
1377 3238 1537 3323 decidua,
1562 3243 1699 3332 abripit,
1726 3248 1930 3337 miscetque,¹

397 3353 619 3448 quodcunque
639 3367 760 3437 corpus
784 3340 982 3429 offenderit,
1008 3339 1117 3431 pluvia
1141 3339 1253 3410 adrem
1277 3336 1381 3418 lavat,
1405 3357 1423 3404 a
1444 3334 1591 3408 sordibus
1608 3359 1670 3427 pur
1712 3358 1747 3424 t;
1774 3341 1930 3417 ide001,⁴

398 3455 519 3523 servare
546 3447 685 3516 solemus
707 3440 847 3510 cessante
870 3438 1002 3526 pluvia,
1028 3438 1135 3504 a'e'renr
1164 3431 1228 3502 esse
1253 3432 1473 3522 puriffimum,
1499 3433 1798 3524 perlucidarum,
1825 3442 1868 3511 ira
1892 3461 1930 3514 ut

399 3548 526 3634 objetla
550 3538 729 3609 admodum
754 3552 880 3597 remota
904 3529 1092 3609 clarillimc,
1117 3525 1153 3591 &
1176 3529 1358 3614 plantarum
1383 3528 1512 3596 colores
1535 3530 1640 3599 multo
1669 3531 1773 3605 laetius
1801 3539 1928 3626 virere,

399 3642 524 3729 aliaque
549 3633 759 3722 juvenescere
784 3618 1036 3711 conspiciantur.

448 3760 482 3851 ς.
508 3741 846 3827 MNlCCCLXXlI.
891 3738 1005 3815 Gutta
1046 3741 1164 3834 pluvie
1194 3739 1357 3832 sphaericae
1388 3740 1484 3827 sunt,
1515 3744 1746 3839 magnitudinis
1776 3749 1929 3846 diversa,

400 3928 488 3985 nunc
513 3899 699 4000 pleniores,
724 3910 813 3964 nuuc
834 3892 987 3977 minutam
1012 3911 1085 3964 raro
1110 3910 1220 3963 earum
1243 3887 1400 3966 diameter
1423 3889 1553 3964 excedit
1575 3858 1619 4019 ᾗ
1644 3913 1770 3988 partem
1795 3901 1927 3992 pollicis

1785 4047 1926 4137 Rheno,

474 4216 531 4290 (a)
551 4208 684 4274 Histoire
704 4204 744 4266 du
764 4203 856 4264 Mont
876 4200 992 4262 Velare
1013 4218 1079 4280 pag.
1097 4207 1166 4274 264.

471 4295 530 4371 (lr)
549 4287 704 4351 l'llistolre
725 4286 762 4345 de
785 4281 898 4343 l'tlcad.
918 4283 995 4358 Roy.
1018 4284 1073 4342 Au.
1091 4298 1177 4353 1744.
1197 4292 1264 4355 pag.
1281 4283 1350 4354 374.

470 4374 526 4449 (c)
547 4370 649 4430 Livius
672 4367 703 4426 ie
721 4365 788 4425 le·
803 4379 853 4436 27.
876 4365 948 4436 sap.
968 4374 1014 4433 37.
1037 4362 1186 4419 Mereatur
1203 4358 1416 4419 Metallotheca
1428 4357 1525 4420 vatic.
1543 4374 1609 4439 pag.
1626 4364 1694 4437 248.

472 4452 528 4526 (d)
551 4452 687 4508 Mortua.
707 4444 820 4504 Hlllor.
841 4439 878 4501 ol
898 4439 1199 4518 Nertbaurptoashire
1221 4439 1293 4516 Cap.
1309 4454 1339 4515 5.
1360 4456 1428 4518 pag.
1443 4454 1512 4513 340.

472 4532 507 4606 (e
548 4523 650 4585 Tralte
670 4521 784 4599 Phyfiq.
804 4521 893 4582 Tora.
910 4533 938 4591 3.
960 4536 1026 4598 pag.
1044 4523 1114 4592 381.
1250 4583 1256 4594 ,

473 4603 529 4684 (f)
551 4603 633 4682 Josua
656 4601 727 4677 etp.
740 4619 770 4662 at.
790 4602 862 4659 reri.
881 4614 927 4659 rr.

473 4689 535 4765 (g)
556 4683 659 4743 Liuius
681 4680 746 4738 le.
766 4695 792 4752 3.
816 4679 887 4754 Cap.
903 4695 932 4738 x.
953 4675 1089 4737 Valerius
1111 4672 1259 4737 Maximus
1289 4674 1325 4738 1..
1342 4693 1370 4739 1.
1399 4675 1470 4754 cap.
1487 4683 1517 4741 6.
1539 4674 1675 4755 exemplo
1698 4678 1920 4754 6.l’liaiut1..‘

579 4759 741 4819 Volumnio
762 4755 790 4818 dt
808 4757 912 4820 Servio
931 4755 1060 4833 Sulpicio
1080 4755 1157 4818 ceu

473 4841 534 4918 (b)
558 4840 718 4901 llvicenna.

472 4920 528 4996 (t)
549 4920 749 4992 Hieronymus
772 4915 801 4974 iu
822 4913 961 4974 chronic.
979 4912 1017 4975 ad
1037 4929 1142 4974 annun
1158 4921 1226 4989 367.
1248 4924 1389 4992 regnante
1407 4913 1626 4978 Valentiniano.

475 5001 534 5077 (l)
554 4995 614 5061 Del
627 4995 717 5063 Porta
736 4994 863 5060 Mortua
884 4994 915 5058 iu
936 4992 1011 5061 illst.
1030 4993 1102 5062 Nat.
1121 4993 1404 5150 Nmfflnffitllcsp
1422 5010 1450 5072 ς.
1469 5013 1536 5076 pag.
1552 5003 1627 5073 338,
1645 5009 1717 5071 aaa·
