4992 6767
680 704 1267 808 nuncxtatro
1320 697 1699 798 ocuxrp
1849 702 1953 849 lep
2031 749 2093 810 -.

404 931 510 995 nata,
541 925 614 979 cum
642 907 810 999 utrimque
843 903 959 978 Lentis
991 903 1232 999 microscopice
1262 906 1358 976 inslar
1383 904 1518 1002 gibbosa
1542 904 1605 986 fit,
1639 900 1811 992 posteriori
1834 929 1926 997 parte

407 1027 553 1081 convexa
580 1004 712 1077 foveam
736 1009 846 1075 cavam
869 1003 998 1075 humori
1019 1009 1121 1077 vitreo
1143 1008 1320 1095 imprimit,
1352 1006 1385 1073 in
1407 1005 1495 1074 hunc
1521 1004 1609 1072 enim
1633 998 1797 1073 descendit
1822 1024 1926 1095 usque

407 1105 448 1176 ad
479 1103 636 1176 circulum
665 1106 871 1189 maximum,
911 1102 1157 1199 distinguentem
1199 1100 1399 1191 superficiem
1437 1099 1648 1191 posteriorem
1686 1101 1727 1169 ab
1761 1102 1925 1173 anteriori.

406 1199 495 1273 Lens
517 1205 562 1273 ita
585 1202 690 1295 posrta
708 1200 754 1270 est
779 1202 813 1272 in
837 1197 964 1284 oculo,
997 1221 1033 1270 ut
1055 1201 1122 1269 axis
1147 1199 1279 1291 pupillae
1307 1219 1382 1269 cum
1405 1198 1473 1290 ejus
1501 1199 1551 1266 axi
1578 1200 1611 1267 in
1633 1195 1747 1268 eadem
1772 1202 1857 1269 reda
1877 1197 1926 1290 ja·

405 1318 497 1384 ceat,
523 1319 622 1391 atque
643 1299 719 1370 ideo
736 1318 808 1369 non
826 1317 982 1368 :accurare
1006 1299 1040 1367 in
1067 1298 1178 1367 medio
1200 1296 1348 1376 ¹circulari
1372 1295 1538 1391 segmento
1559 1295 1673 1377 oculi,
1706 1293 1760 1365 sed
1786 1298 1820 1366 in
1846 1296 1926 1369 loco
1986 1367 1990 1377 ,

405 1396 607 1486 aliquantum
627 1397 778 1489 propiori
796 1394 903 1466 naso:
929 1392 994 1463 iia
1016 1414 1136 1464 cornea
1160 1393 1201 1463 ad
1224 1396 1356 1465 retinam
1383 1392 1554 1487 longitudo
1578 1391 1665 1463 oculi
1687 1392 1924 1481 confideretut,

405 1489 497 1563 Lens
520 1492 574 1563 bic
592 1497 692 1565 etiam
717 1490 858 1564 nonest
883 1494 917 1560 in
943 1490 1072 1575 medio,
1099 1490 1152 1561 sed
1178 1490 1323 1563 Comeae
1346 1496 1495 1580 propior.

450 1588 515 1660 -Est
536 1588 625 1663 Lens
651 1589 879 1682 corpusculum
902 1587 1110 1657 mediocriter
1141 1588 1293 1671 firmum,
1325 1589 1359 1657 in
1394 1589 1517 1657 ambitu
1542 1588 1740 1672 rotundum,
1765 1593 1928 1681 utrimque

407 1685 564 1778 sphaerico
587 1708 771 1760 convexum
792 1686 891 1758 veluti
907 1681 996 1754 Lens
1015 1685 1269 1773 microscopica,
1294 1683 1449 1753 inclusum
1472 1684 1566 1756 estin
1594 1688 1700 1755 tunica
1720 1691 1869 1777 propria:
1894 1688 1930 1759 in

308 1806 310 1810 ·
407 1781 529 1855 infante
552 1805 665 1858 recens
685 1805 763 1855 nato
787 1781 833 1853 est
857 1780 967 1876 figurae
987 1779 1055 1851 sere
1078 1781 1264 1871 sphaericaea
1299 1779 1351 1849 sed
1377 1802 1511 1871 utraque
1536 1780 1701 1871 superficie
1725 1782 1761 1853 fit
1783 1785 1930 1875 planior,

408 1901 478 1971 quo
501 1880 605 1952 homo
628 1882 702 1972 plus
725 1878 900 1950 adolescit:
916 1877 1037 1972 -figura
1068 1879 1140 1969 post
1172 1899 1293 1949 annum
1323 1878 1514 1948 tricefimum
1540 1880 1592 1949 vix
1618 1877 1750 1949 ulterius
1773 1900 1930 1951 mutatur:

407 1981 442 2047 in
464 1977 576 2049 adulto
597 1980 738 2048 anterior
760 1974 941 2067 superficies
967 1974 1101 2061 CaC,
1133 1979 1239 2046 ninus
1270 1995 1415 2044 convexa
1431 1974 1488 2045 -est
1517 1974 1688 2064 posteriori
1716 1975 1843 2062 cac,
1875 1976 1931 2046 illa

407 2073 454 2143 eli
473 2073 779 2164 portiosphaeraein
807 2072 953 2165 plurimis
976 2072 1079 2144 oculis
1102 2072 1252 2159 diversae,
1277 2070 1368 2162 cujus
1393 2072 1547 2143 diameter
1570 2070 1616 2140 est
1640 2091 1658 2139 a
1683 2073 1717 2142 6.
1743 2074 1784 2144 ad
1808 2096 1867 2145 aa.
1889 2072 1929 2143 li·

403 2240 501 2307 neas,
526 2218 776 2312 frequentiffime
802 2186 888 2327 75}-
912 2219 964 2293 vel
996 2221 1029 2291 8.
1048 2219 1237 2291 lineatum:
1270 2218 1429 2308 posterior
1454 2217 1638 2306 superficies
1661 2218 1706 2289 est
1729 2220 1937 2332 segmentum

403 2367 560 2460 sphaerae,
594 2366 686 2456 cujus
710 2366 867 2434 diameter
889 2365 935 2434 est
962 2382 995 2453 5.
1020 2363 1204 2448 linearum,
1237 2383 1310 2433 raro
1335 2325 1410 2473 5-:-
1442 2361 1553 2433 linear.
1587 2362 1724 2435 Chorda
1746 2365 1842 2435 lentio
1868 2366 1931 2438 live

404 2514 562 2586 diameter
578 2503 693 2579 circuli
713 2509 846 2579 maximi
861 2508 1056 2599 plemmque
1080 2508 1126 2578 est
1152 2532 1186 2601 4.
1208 2508 1260 2582 vel
1287 2497 1355 2600 4-¹-
1380 2510 1561 2580 linearum:
1588 2509 1737 2583 craffities
1763 2510 1859 2584 lentis
1885 2512 1931 2584 est
1956 2493 1959 2501 ¹

406 2662 448 2729 ab
477 2619 623 2764 132-ad
645 2677 667 2726 a
695 2652 821 2724 linear-r
855 2654 980 2728 conslat
1003 2675 1046 2725 ex
1068 2653 1196 2727 duobus
1221 2593 1392 2751 segmebtis
1417 2656 1577 2747 sphaericis
1601 2658 1659 2730 sibi
1677 2660 1864 2753 impolitis,
1896 2662 1932 2733 in

408 2822 485 2891 quaa
505 2779 685 2892 separatur,
711 2819 787 2871 curn
812 2802 843 2870 in
866 2822 949 2892 aqua
966 2818 1154 2872 maceratur.
1934 2897 1938 2906 Ι

447 2908 508 2979 Ex
531 2908 677 3003 plurimis
701 2906 837 2977 lamellis
859 2908 1056 2994 vasctslofis,
1090 2909 1249 3000 sphaericis
1279 2907 1446 2985 ariiissrme
1471 2913 1594 3001 unitis,
1628 2916 1674 2987 uti
1699 2914 1835 2987 la'nrellae
1863 2914 1933 2990 sunt
2009 2989 2012 2996 .

405 3011 439 3077 in
465 3026 574 3096 caepa,
600 3006 810 3094 componitur
832 3004 918 3074 lens:
943 3009 976 3076 in
999 3007 1048 3075 his
1071 3004 1205 3076 lamellis
1226 3007 1318 3078 fibrae
1343 3013 1502 3099 incipiunt
1526 3032 1544 3080 a
1567 3014 1710 3106 margine
1730 3013 1780 3083 vel
1806 3014 1932 3099 limbo,
1977 3027 1979 3031 '
2074 2991 2085 3026 ⁵

405 3103 547 3175 medium
574 3097 680 3171 versus
706 3119 871 3172 currentes
895 3121 1047 3193 tanquam
1076 3102 1117 3172 ad
1143 3122 1304 3175 centrum.
1354 3104 1534 3176 Substantia
1563 3106 1657 3176 lentis
1684 3112 1825 3178 exterior
1847 3109 1934 3197 mol·

406 3202 467 3272 lior
490 3199 563 3285 est,
595 3195 784 3267 circumfusa
811 3201 898 3267 circa
930 3199 1083 3270 nucleum
1110 3193 1299 3282 duriorem,
1336 3200 1427 3291 cujus
1448 3199 1582 3273 lamellae
1612 3206 1713 3298 magis
1741 3202 1933 3295 compressae

406 3296 496 3368 sum:
521 3317 586 3387 ope
606 3292 794 3364 cellularum
821 3296 1082 3365 intermediarum
1104 3295 1322 3373 cohaerescere
1338 3288 1479 3367 lamellae
1503 3298 1679 3384 videntur,
1711 3322 1784 3390 quae
1804 3300 1930 3373 cellulae

312 3450 315 3455 .
406 3414 488 3485 aqua
514 3389 765 3482 sunt'impletae:
792 3413 864 3480 quae
889 3396 1029 3463 tunicam
1051 3392 1146 3462 lentis
1170 3394 1362 3464 exteriorem
1388 3409 1592 3485 penetrantes
1607 3396 1776 3482 efficiunt,
1803 3409 1838 3469 ¹u't
1859 3395 1932 3469 Mr-

406 3490 578 3580 croscopio
603 3508 738 3575 utraque
762 3486 830 3576 cius
855 3487 1039 3579 superficies
1062 3488 1172 3559 villosa
1197 3485 1233 3557 dt
1258 3491 1438 3560 tomentosa
1461 3492 1616 3565 videatur.
1893 3497 1903 3515 '

456 3585 546 3654 Lens
566 3587 601 3653 ln
627 3584 748 3652 infante
769 3603 881 3651 recens
906 3603 982 3653 nato
1001 3583 1118 3653 tubelli
1142 3584 1187 3651 est
1211 3584 1358 3668 coloris,
1387 3585 1440 3654 scd
1464 3588 1551 3654 brevi
1578 3589 1652 3676 post
1676 3610 1809 3672 omnem
1836 3579 1931 3665 colo·

408 3704 477 3753 rem
501 3682 635 3758 amittit,
660 3675 820 3766 purissima
844 3673 1138 3769 &pellucidiffinra
1162 3679 1288 3752 evadit:
1313 3684 1355 3749 ita
1383 3683 1545 3771 usquead
1571 3697 1696 3754 aeta'tem
1719 3697 1778 3755 oo.
1802 3706 1856 3755 aut
1875 3707 1931 3777 30·

407 3799 569 3856 annorum
599 3774 644 3843 est
672 3773 797 3864 absque
828 3773 967 3859 colore,
998 3796 1111 3865 aquo
1128 3796 1284 3865 tempore
1300 3778 1422 3847 colore
1441 3777 1556 3852 leviter
1579 3778 1807 3872 flavoincipit
1830 3784 1933 3879 tingi,

408 3878 466 3967 qui
489 3870 628 3943 successu
651 3871 807 3959 temporis
828 3871 1031 3954 intenditur,
1067 3870 1174 3942 donec
1195 3892 1281 3965 anno
1309 3874 1527 3969 oiluagefimo
1552 3878 1647 3947 instar
1671 3878 1787 3949 succini
1819 3880 1932 3952 flaves-

406 3990 475 4041 cat:
501 3967 634 4040 flavedo
655 3968 795 4058 primum
810 3964 971 4037 'formatur
993 3969 1030 4037 ln
1054 3986 1187 4053 centro,
1215 3965 1377 4039 crescente
1401 3992 1493 4040 atate
1519 3973 1559 4040 ad
1574 3976 1731 4044 ambitum
1750 3978 1930 4067 proserpit,

297 4079 299 4084 '
406 4069 490 4137 adeo
515 4087 552 4136 ur
572 4066 658 4134 circa
686 4059 836 4134 nucleum
857 4061 974 4135 slavum
998 4065 1161 4135 duriorem
1190 4065 1380 4135 circumfusa
1407 4069 1553 4135 videatur
1579 4068 1747 4141 substantia
1774 4073 1931 4157 mollior,

408 4161 578 4235 flavedinis
599 4181 725 4250 expers.
781 4156 925 4229 Durities
957 4164 1053 4229 etiam
1085 4180 1247 4242 mutatur,
1280 4160 1411 4229 mollior
1432 4164 1519 4230 enim
1545 4162 1589 4229 est
1613 4186 1715 4254 usque
1740 4168 1781 4235 ad
1805 4189 1929 4240 annum
2007 4198 2012 4207 ·

411 4280 494 4351 25,
528 4256 701 4329 indurescit
730 4275 833 4347 usqne
863 4256 905 4326 ad
926 4274 1050 4326 annum
1072 4248 1333 4349 sexagesimum:
1368 4276 1461 4327 aetate
1485 4259 1581 4328 etiam
1603 4253 1717 4329 Lentis
1743 4253 1931 4333 convexitas

405 4360 560 4429 minuimr
585 4351 620 4425 ἃ
645 4354 772 4443 planior
798 4352 856 4438 ἢν,
882 4351 1086 4424 decrescente
1108 4349 1254 4422 humoris
1275 4355 1400 4442 copia,
1427 4356 1482 4444 qui
1505 4357 1588 4425 inter
1612 4356 1756 4430 lamellas
1774 4360 1807 4430 in
1828 4358 1927 4432 cellu-

404 4454 443 4526 lis
468 4454 578 4548 colligi
602 4451 695 4521 solet.
745 4451 784 4522 In
809 4452 951 4535 Avibus,
978 4445 1274 4545 Quadrupedibus,
1300 4447 1335 4520 dx
1357 4448 1503 4522 Piscibus
1528 4451 1639 4526 durior
1662 4454 1719 4528 est.

455 4549 543 4619 Lens
567 4567 636 4618 tota
659 4546 832 4632 includitur
857 4546 993 4638 capsulae
1015 4547 1230 4617 membranee
1253 4547 1527 4637 pellucidissrmae,
1551 4552 1721 4640 peculiari:
1746 4549 1836 4650 culus
1852 4549 1927 4649 pars¹

405 4649 547 4719 anterior
569 4644 616 4713 est
639 4643 731 4713 valde
753 4644 879 4716 elallica
895 4642 1064 4725 dt‘cralla,
1084 4642 1152 4714 fere
1169 4665 1309 4728 cornea,
1334 4666 1448 4734 tenax,
1473 4667 1510 4717 ut
1531 4650 1586 4718 vix
1606 4653 1675 4721 acie
1694 4652 1834 4747 scalpelli
1850 4677 1927 4747 per·

405 4743 498 4815 tundi
521 4739 639 4828 pollit:
672 4742 791 4809 robore
811 4738 851 4810 dr
882 4741 1015 4813 crailitie
1039 4740 1163 4833 superat
1188 4764 1257 4813 non
1281 4742 1382 4814 solum
1415 4746 1564 4816 laminam
1578 4754 1790 4825 exteriorem
1806 4753 1922 4837 lentis,

401 4841 457 4912 sed
481 4837 579 4926 ipsam
605 4856 737 4924 quoque
758 4840 896 4910 tunicam
909 4841 1048 4926 ¹vitream
1072 4842 1254 4935 integram:
1280 4862 1351 4930 pars
1366 4844 1525 4933 posterior
1539 4845 1819 4933 multotenuior,¹
1836 4845 1922 4922 mol·
2029 4844 2032 4849 ’

394 4937 465 5011 dior
490 4932 525 5007 bt
548 4930 707 5006 infirmior
728 4932 793 5022 est;
819 4930 855 5005 ἃ
879 4935 1063 5011 adhaerescit
1085 4941 1217 5107 tunicale)
1225 4936 1371 5014 humoris
1394 4945 1508 5032 vitrei,
1532 4939 1658 5019 cellulis
1678 4929 1921 5053 utramqu’etu·
