4992 6767
526 683 727 794 μ.
983 664 1122 754 nn
1261 663 1606 776 noua

528 892 611 972 4,5.
635 869 811 942 lineatum:
834 863 900 938 alio
916 862 969 935 die
987 860 1127 958 frigente
1140 857 1293 959 gradibus
1316 883 1384 952 24,
1409 877 1559 950 tempore
1586 881 1644 951 24.
1669 856 1822 936 herenam
1837 861 1973 939 increvit
1992 863 2060 963 gl..

527 976 597 1047 cies
620 967 723 1042 modo
753 985 786 1058 3.
811 964 924 1048 lineis,
949 960 1015 1032 alio
1038 959 1093 1030 die
1113 961 1195 1031 intra
1225 958 1280 1030 18.
1306 949 1403 1030 horas
1427 957 1606 1028 increverat
1630 977 1666 1049 9.
1690 956 1804 1031 lineis:
1829 959 1906 1031 ideo
1931 985 1999 1036 rron
2016 964 2064 1036 est

529 1068 606 1167 gelu
632 1066 720 1138 idern
745 1062 787 1135 ad
818 1062 960 1134 eundem
985 1057 1122 1156 gradum
1152 1055 1309 1154 frigoris,
1342 1053 1397 1126 sed
1428 1075 1516 1141 nunc
1542 1052 1647 1126 multo
1678 1055 1808 1151 majus,
1838 1078 1925 1135 nunc
1955 1061 2065 1135 multo

531 1186 650 1242 nunus.
712 1195 716 1204 ·
1878 1195 1884 1214 .

579 1290 792 1368 llllDXVlll.
818 1289 852 1362 Sl
872 1291 906 1362 in
930 1287 1004 1359 nive
1027 1281 1118 1355 milla
1143 1301 1220 1353 curn
1244 1279 1307 1353 fale
1334 1299 1477 1374 ponatur
1499 1301 1555 1354 vas
1580 1301 1697 1375 aquam
1727 1288 1928 1374 continent,
1961 1310 2065 1367 totus·

534 1415 602 1487 que
634 1412 804 1486 apparatus
840 1387 896 1458 fibi
924 1383 1173 1464 committatur,
1203 1378 1257 1451 vel
1288 1379 1381 1472 supra
1405 1381 1515 1476 ignem
1540 1395 1709 1472 ponatur,
1742 1382 1975 1459 distabescente
2001 1389 2064 1463 fale

534 1489 572 1564 dt
596 1493 669 1562 nive
693 1488 847 1585 congelat
868 1503 952 1575 aqua
967 1483 1006 1572 ‚in
1028 1477 1187 1550 vasculo:
1213 1475 1267 1548 hic
1290 1474 1432 1548 accessus
1449 1480 1557 1572 ignis,
1583 1481 1639 1568 qui
1661 1478 1743 1552 infra
1770 1504 1824 1556 vas
1849 1481 1917 1568 est,
1941 1506 2066 1582 conge·

534 1591 693 1670 lationem
715 1585 902 1666 accelerat3
935 1598 1004 1670 quo
1028 1575 1101 1668 plus
1132 1572 1178 1644 est
1202 1575 1307 1670 ignis,
1334 1571 1368 1645 dt
1394 1576 1489 1646 cititu
1511 1579 1568 1646 nix
1594 1576 1795 1664 refunditur,
1821 1573 1971 1652 &citius
1996 1586 2066 1680 gla-

534 1690 604 1758 cies
628 1682 807 1754 sormatur:
840 1680 905 1750 hoc
939 1674 1011 1748 lieri
1040 1675 1181 1763 nequit,
1223 1672 1280 1743 nili
1307 1674 1392 1770 ignis
1414 1672 1584 1764 particulas
1607 1674 1849 1772 conglacianres
1870 1700 1912 1748 ex
1934 1683 2008 1752 nive
2032 1683 2068 1754 in

536 1803 656 1874 aquam
677 1777 799 1854 vasculi
822 1776 934 1870 pellat:
963 1771 1021 1846 An
1051 1789 1159 1841 autern
1191 1771 1275 1866 ignis
1298 1771 1354 1842 suh
1377 1769 1448 1844 vase
1472 1771 1555 1867 ignis
1580 1769 1753 1844 absentiam
1777 1797 1819 1846 ex
1843 1777 1918 1847 nive
1941 1778 1974 1848 in
1998 1799 2068 1850 vas·

536 1880 649 1952 culum
671 1899 747 1950 cum
774 1898 858 1967 aqua
882 1868 1077 1965 propellet?
1117 1867 1297 1939 verofimile
1332 1868 1365 1938 id
1394 1887 1463 1939 non
1493 1868 1550 1938 esl.
1610 1867 1678 1940 Sed
1700 1871 1721 1940 fr
1752 1871 1872 1970 glacies
1893 1869 1928 1943 dt
1953 1873 2006 1945 Sal
2030 1878 2066 1948 in

534 1975 607 2050 vase
629 1976 687 2048 srbi
714 1995 837 2045 tantum
862 1971 1127 2062 committantur,
1151 1965 1438 2038 Thermometrum
1459 1965 1632 2056 inpofitum
1655 1967 1775 2039 indicat
1799 1972 1831 2039 in
1858 1970 2065 2044 misturaori·

537 2078 566 2145 ri
587 2074 706 2170 frigus,
730 2070 851 2142 etiamfi
871 2067 991 2163 glacies
1013 2064 1173 2147 tabescam
1199 2063 1291 2154 quod
1315 2064 1337 2134 fr
1355 2066 1451 2161 igitar
1471 2063 1592 2159 glacies
1609 2061 1628 2132 l
1651 2061 1721 2136 folo
1743 2064 1865 2162 frigore
1886 2069 2062 2161 penderet,

537 2191 598 2246 cut
619 2173 716 2242 auclo
740 2167 862 2264 frigore
886 2163 1064 2235 refunditur
1087 2162 1122 2230 in
1149 2160 1335 2252 liquorem?

596 2289 832 2394 §.MDX1X.
858 2289 894 2361 Si
919 2292 1015 2385 igitur
1040 2288 1073 2354 in
1100 2283 1327 2375 Atmofphaera
1349 2305 1463 2356 terram
1490 2283 1742 2360 circumfluente
1770 2312 1881 2366 natent
1900 2293 2066 2386 hujusmo-

540 2391 576 2465 di
600 2390 789 2485 particulae,
813 2409 888 2482 quae
910 2385 986 2482 gelu
1008 2382 1171 2465 efficiunt,
1195 2401 1290 2452 erunt
1313 2382 1490 2455 admodum
1511 2382 1660 2473 subtiles,
1686 2407 1762 2456 cum
1782 2393 1892 2462 omnia
1916 2392 2008 2464 firma
2030 2391 2066 2466 dt

541 2490 649 2566 fluida
674 2509 816 2580 corpora
844 2487 977 2581 cognita
999 2499 1196 2572 perreptant.
1256 2499 1307 2550 20.
1339 2476 1428 2573 Quia
1458 2479 1619 2576 effugiunt
1651 2503 1767 2556 omnes
1797 2487 1924 2562 nostros
1951 2489 2066 2564 sensus.

545 2598 597 2681 3⁰.
623 2588 781 2660 Attamen
805 2583 927 2654 summa
952 2601 1029 2649 curn
1059 2575 1212 2645 facilitate
1234 2574 1266 2646 se
1295 2597 1364 2647 non
1386 2595 1557 2667 penetrant
1582 2598 1642 2668 per
1671 2583 1783 2652 omnia
1799 2603 1966 2678 corpora,
1992 2591 2070 2680 quia

541 2685 741 2778 aliquamdiu
761 2685 940 2754 retinentur
963 2679 1003 2745 ab
1025 2674 1106 2743 olcis
1128 2671 1315 2756 nonnullis,
1341 2674 1388 2740 uti
1409 2669 1505 2760 Lini,
1530 2671 1658 2760 Nucis,
1690 2676 1867 2769 multisque
1891 2683 2069 2770 stillatitiis,

542 2801 615 2852 tum
639 2782 658 2850 l
678 2779 785 2861 Nive,
810 2775 917 2860 feno,
941 2772 1110 2852 stramine,
1135 2765 1276 2858 pellibus
1289 2765 1427 2840 ferarum
1442 2765 1527 2841 &cn
1551 2769 1761 2844 nihilominus
1778 2773 1926 2849 saviente
1940 2783 2068 2853 intenso

541 2875 620 2977 gelu
644 2892 853 2969 penetrantur
876 2871 997 2942 omnia.
1569 2935 1571 2940 .

592 2973 725 3044 Interim
755 2969 950 3047 fatendum,
990 2961 1179 3031 sententiam
1209 2959 1294 3031 hanc
1323 2982 1392 3032 non
1417 2959 1482 3032 elle
1505 2967 1635 3055 penitus
1661 2965 1861 3058 probatam,
1894 2968 1931 3044 dt
1955 2971 2067 3067 subjici

538 3069 811 3147 difficultatibus,
841 3061 954 3151 quial
996 3079 1057 3126 ena
1086 3057 1185 3130 vitrea
1205 3077 1323 3146 aquam
1345 3061 1503 3148 capiens,
1527 3060 1626 3151 pensa
1662 3083 1737 3135 curn
1761 3087 1844 3156 aqua
1865 3069 1911 3140 esl
1935 3068 2066 3158 fluida,

539 3164 577 3235 dt
594 3166 628 3234 in
645 3164 784 3258 glaciem
804 3157 910 3240 versa,
936 3081 1062 3224 mallum
1077 3149 1231 3241 ponderis
1254 3151 1425 3224 discrimen
1448 3154 1598 3228 ostendit.
1652 3181 1702 3232 20.
1727 3159 1816 3258 Quia
1835 3166 1923 3263 gelat
1943 3188 2068 3242 tantmn

537 3261 659 3348 hyeme
684 3274 740 3326 aut
769 3252 852 3326 caelo
878 3252 1043 3348 frigente,
1083 3248 1229 3340 exceptis
1260 3251 1426 3322 nonnullis
1454 3254 1690 3329 occafionibus.
1739 3259 1805 3331 Sed
1830 3283 1873 3335 arr
1894 3264 2072 3356 phosphori

539 3355 657 3427 Urinae
682 3353 926 3423 decrementum
950 3346 1133 3438 ponderis,
1166 3345 1259 3437 quod
1281 3348 1408 3443 integro
1433 3348 1487 3419 die
1518 3348 1555 3420 lit
1580 3351 1685 3445 eJesiu
1710 3356 1798 3428 densi
1819 3357 1901 3432 fumi
1923 3384 1990 3455 ope
2012 3363 2069 3436 ali·

537 3450 634 3542 cujus
657 3449 766 3519 Librae
787 3445 947 3517 observati
972 3444 1098 3534 potuit,
1122 3463 1198 3513 curn
1223 3461 1330 3514 tamen
1351 3446 1458 3539 ampla
1486 3467 1615 3522 camera
1638 3450 1824 3545 hujusmodi
1844 3458 1938 3532 fumo
1960 3460 2070 3533 odoro

537 3545 734 3640 impleatur?
759 3545 814 3619 An
832 3541 963 3614 Vitrum
987 3541 1193 3624 Antimonii,
1218 3541 1311 3633 quod
1324 3565 1421 3636 parva
1439 3549 1536 3637 copia
1554 3549 1670 3620 millies
1692 3552 1765 3645 plus
1788 3551 1866 3627 Vini
1898 3559 2014 3629 imbuit
2035 3561 2067 3630 vi

540 3645 715 3731 Emetica,
741 3643 843 3716 ullum
867 3640 1022 3733 ponderis
1049 3636 1201 3710 sensibilis
1229 3641 1472 3714 decrementum
1497 3645 1640 3719 ostendit
1669 3652 1703 3722 in
1728 3653 1954 3726 accuratisfrma
1977 3656 2071 3728 flate·

543 3767 602 3831 ra,
627 3745 704 3817 licet
725 3763 834 3813 tamen
856 3758 962 3828 partes
984 3734 1143 3804 amiserit?
1179 3734 1264 3804 adeo
1289 3757 1326 3806 ut
1354 3740 1445 3808 fimili
1467 3742 1570 3812 modo
1593 3747 1758 3834 particulae
1782 3753 1991 3846 congelames
2015 3753 2073 3824 ad·

542 3844 681 3918 modurn
700 3859 813 3929 paucae
837 3831 872 3902 &
895 3831 1042 3901 stateram
1066 3829 1255 3914 cludentes,
1279 3830 1490 3904 nihilominus
1512 3857 1663 3933 magnam
1686 3864 1779 3935 aquae
1803 3851 1932 3938 copiam
1953 3853 1987 3921 in
2002 3850 2071 3944 gla-

542 3938 632 4010 ciem
656 3949 859 4007 convertant.

589 4061 621 4163 §.
648 4056 811 4134 MDXX.
844 4054 994 4150 Quando
1018 4057 1052 4127 in
1074 4053 1192 4152 Belgio
1223 4053 1341 4146 hyeme
1367 4053 1472 4129 Lunae
1503 4056 1616 4149 phales
1645 4082 1834 4150 mutantur,
1859 4068 1967 4164 gelare
1991 4073 2074 4146 irrci·

544 4167 615 4259 pit,
638 4159 691 4233 vel
710 4177 860 4250 tempore
883 4153 1011 4252 gelante
1032 4153 1109 4249 gelu
1124 4155 1277 4240 remittit3
1303 4154 1379 4225 ideo
1400 4156 1420 4225 fr
1439 4154 1654 4230 Novilunium
1670 4158 1785 4248 fitetit,
1805 4159 1989 4258 &ceperit
2013 4185 2073 4264 ger

543 4265 638 4345 lare,
663 4278 731 4329 tum
754 4275 903 4345 tempore
925 4253 1037 4342 primae
1062 4251 1263 4342 quadratura
1279 4252 1355 4349 gelu
1376 4252 1575 4344 aliquantum
1598 4261 1751 4342 remittit,
1777 4262 1829 4331 vel
1852 4263 1990 4359 regelat:
2017 4267 2072 4338 fed

543 4359 567 4431 fr
592 4377 661 4430 turn
684 4352 757 4446 poll
782 4351 1010 4423 relaxationem
1033 4347 1110 4444 gelu
1135 4347 1308 4440 recapessat
1328 4353 1440 4434 vires,
1472 4372 1620 4443 tempore
1647 4355 1816 4445 plenilunii
1839 4362 1956 4432 iterum
1978 4383 2072 4458 rege·

543 4455 617 4539 lat,
649 4452 701 4523 vel
730 4449 808 4546 gelu
840 4443 976 4517 multum
1006 4447 1161 4517 remittit:
1196 4447 1218 4516 si
1252 4467 1320 4518 turn
1342 4445 1452 4537 elapso
1478 4470 1547 4520 utro
1576 4449 1718 4523 alterove
1739 4455 1793 4526 die
1816 4457 1923 4552 gelare
1954 4462 2073 4539 iterum

544 4567 684 4644 perget,
707 4546 843 4617 inflante
866 4541 977 4613 ultima
1000 4544 1192 4634 quadratura
1216 4543 1369 4626 remittit,
1395 4542 1471 4614 ideo
1494 4567 1660 4636 nunquam
1679 4567 1750 4622 toto
1765 4552 1874 4625 mense
1888 4555 1963 4648 gelu
1987 4556 2076 4630 idem

545 4649 582 4718 irr
606 4645 723 4738 Belgio
749 4639 877 4732 perflat.
936 4635 1155 4732 Keplerus&
1185 4635 1340 4711 Krafftius
1371 4639 1538 4732 adspectus
1570 4644 1771 4738 planetarum
1800 4655 1836 4724 in
1865 4653 1992 4726 initium
2018 4675 2075 4750 ge·

545 4742 676 4830 lationis
699 4737 823 4831 aliquid
847 4737 995 4811 conserte
1019 4741 1116 4809 etiam
1138 4735 1294 4810 subtiliter
1316 4735 1462 4831 suspicati
1483 4739 1554 4816 sant
1581 4743 1602 4839 (
1639 4739 1673 4840 ).

1839 4845 1872 4937 S.
1897 4846 2079 4921 MDXXI.

623 4969 684 5055 (a)
704 4971 870 5040 comment·
889 4972 1009 5052 l’etrop·
1030 4969 1104 5034 llos.
1122 4971 1176 5037 lx.
