4992 6767
626 703 871 800 nucis
930 701 1531 801 canaannraas
1630 647 1637 652 ’
1742 716 1838 830 sss

308 915 593 1001 Aufillismuscae
611 929 687 1001 quae
700 925 840 999 quatuor
858 904 930 976 sunt
947 905 1105 978 instruiiae
1119 906 1177 978 alis
1195 904 1285 1001 (a),
1300 927 1356 978 aut
1372 909 1531 980 Scarabaei
1545 904 1838 1001 fusci‚applanatis

309 1020 368 1094 da,
385 1016 474 1092 alatis
507 1010 611 1081 tribus
641 1005 812 1099 postremis
843 1006 992 1094 corporis
1021 1004 1171 1090 annulis,
1204 1008 1324 1094 reperti
1355 1008 1390 1077 in
1422 1004 1535 1078 Africa
1566 1026 1671 1098 prope
1704 1008 1839 1085 fluvium

311 1115 493 1191 Gambiam
523 1105 635 1202 (b),
656 1121 722 1175 tam
743 1099 863 1171 claram
883 1100 992 1172 lucem
1015 1122 1057 1171 ex
1080 1099 1112 1171 se
1133 1102 1306 1188 emittunt,
1329 1122 1366 1173 ut
1389 1123 1455 1194 ope
1479 1105 1574 1175 unius
1597 1106 1681 1175 vitro
1706 1106 1838 1179 inclusae

312 1215 437 1290 'litteras
459 1208 596 1303 legere,
621 1222 689 1273 non
714 1201 822 1270 minus
845 1218 945 1288 quarn
969 1199 1010 1268 ad
1032 1197 1175 1269 candelae
1199 1197 1342 1286 lumen,
1367 1201 1517 1272 homines
1543 1203 1686 1294 pollina:
1718 1204 1752 1273 Si
1777 1222 1843 1276 tres

316 1317 352 1387 in
375 1309 465 1382 ltalia
482 1301 642 1377 scarabaei
664 1297 724 1370 liat
748 1297 829 1366 tubo
849 1297 922 1365 vitri
940 1297 1005 1368 albi
1028 1295 1163 1381 inclusa,
1182 1300 1286 1368 noiiu
1307 1303 1417 1369 omnia
1442 1299 1568 1391 objeeta
1593 1303 1626 1369 in
1650 1315 1777 1371 camera
1801 1300 1840 1372 il·

317 1409 464 1484 lustrant.
514 1399 644 1470 Muscis
666 1411 722 1466 aut
744 1391 917 1463 Scarabaeis
942 1392 1173 1488 aegrotantibus
1194 1413 1253 1463 aut
1283 1394 1509 1490 languentibus
1533 1396 1690 1468 decrescit
1713 1399 1842 1495 fulgor,

322 1504 472 1579 extindiis
498 1496 610 1590 periti
641 1492 751 1566 volare
776 1490 970 1560 conantibus
998 1492 1167 1581 praecipue
1190 1489 1246 1561 lux
1269 1513 1311 1582 ex
1337 1493 1511 1563 abdomine
1535 1494 1732 1584 expellitur?
1773 1497 1846 1569 Cur

323 1622 449 1677 vermes
471 1596 648 1668 ostreorum
673 1590 784 1660 lucent
806 1585 893 1679 (c).
950 1585 1039 1659 Tum
1064 1583 1100 1657 dc
1128 1588 1246 1659 humor
1281 1590 1422 1661 viscidus
1448 1592 1562 1680 quiin
1588 1590 1734 1662 faucibus
1760 1615 1848 1664 non·

323 1699 487 1772 nullorum
510 1692 556 1763 est
578 1689 747 1782 piscium,
779 1687 836 1773 qui
865 1683 958 1781 ligno
985 1685 1103 1755 adlims
1128 1683 1254 1770 claret,
1287 1685 1395 1757 donec
1419 1687 1456 1757 srt
1480 1689 1686 1758 exsiccatus?
1719 1688 1848 1784 fulgore

321 1816 430 1868 autem
455 1790 602 1881 inprimis
623 1783 743 1857 clarere
768 1777 928 1870 Dailylos
953 1785 1096 1853 marinos
1117 1786 1284 1853 memoriae
1306 1784 1474 1873 proditum
1498 1786 1545 1854 eil
1569 1787 1610 1855 ab
1636 1789 1789 1876 Antiquis
1807 1784 1845 1858 dc

320 1888 557 1982 recentioribus
581 1878 785 1971 Philosophia
801 1878 900 1971 (d),
926 1883 983 1971 qui
1005 1880 1215 1970 pulcerrimas
1240 1882 1276 1950 in
1300 1882 1338 1949 iis
1361 1881 1565 1970 instituerunt
1588 1882 1847 1957 observationesa

322 1988 399 2061 Lux
422 1982 635 2073 Dadylorum
657 1977 757 2062 alba,
783 1977 994 2049 caenulescens
1016 1999 1085 2047 non
1110 1996 1234 2048 tanturn
1257 1979 1358 2063 vivis,
1385 1975 1440 2046 sed
1462 1980 1598 2049 mortuis
1624 1978 1710 2047 adest
1737 1979 1848 2068 daliu-

319 2088 386 2172 lis,
410 2080 446 2156 dt
472 2078 588 2173 perstat
611 2080 645 2148 in
668 2073 791 2170 injediis
815 2075 942 2165 Aquae,
967 2074 1077 2159 Oleo,
1101 2072 1191 2146 Oleo
1216 2072 1363 2158 Tartari,
1390 2072 1521 2164 Spiritui
1548 2074 1629 2146 Salis
1655 2077 1849 2148 Ammonia·
1982 2127 1985 2132 ,

321 2185 371 2264 ci,
396 2178 506 2251 Laui:
530 2196 641 2246 verum
664 2171 863 2267 extinguitur
878 2170 974 2256 Lux,
1001 2171 1134 2259 dadylis
1149 2171 1273 2261 injeiiis
1296 2169 1411 2252 Vino,
1437 2172 1566 2258 Aceto,
1592 2174 1724 2262 Spiritui
1746 2172 1846 2261 Vini,

320 2278 465 2361 Urinae,
497 2271 659 2346 Solutioni
681 2267 843 2352 Vitrioli,
875 2269 1038 2338 Solutioni
1061 2267 1141 2335 Sulis
1169 2268 1297 2335 Saturni
1322 2263 1414 2335 &aa
1452 2266 1584 2356 Dadyli
1609 2269 1715 2359 injeeli
1741 2271 1852 2359 Aquae

321 2376 440 2447 calenti
466 2369 608 2464 agradu
628 2368 689 2435 60.
712 2365 753 2431 ad
778 2385 827 2455 gr.
854 2382 933 2453 133·
958 2362 1130 2444 lucebant,
1154 2363 1189 2431 in
1213 2361 1357 2432 calidiori
1385 2363 1527 2435 decreuit
1541 2363 1626 2434 Lux.
1661 2364 1746 2435 Infra
1761 2367 1852 2459 grad.

326 2475 385 2545 60.
409 2470 452 2539 ad
477 2488 534 2557 32.
555 2466 664 2530 minor
684 2461 780 2527 eriam
795 2455 922 2551 fulgor:
946 2457 1031 2529 adeo
1056 2476 1092 2526 ut
1113 2458 1270 2528 nonnulla
1288 2458 1391 2531 fluida
1409 2460 1515 2532 lucem
1530 2463 1563 2532 in
1581 2459 1730 2550 Dailylis
1745 2462 1853 2534 custo·

319 2570 437 2650 diunt,
461 2564 522 2632 alia
546 2556 681 2639 tollant,
708 2553 825 2642 aliquis
844 2554 933 2623 calor
949 2573 1084 2649 augeat,
1110 2554 1214 2645 major
1229 2556 1383 2646 expellat.
1415 2561 1471 2629 An
1492 2559 1636 2648 pendent
1652 2559 1723 2630 haec
1738 2564 1850 2632 omnm

328 2686 350 2734 a
372 2660 523 2731 facultate
544 2650 723 2724 imbibendi
745 2645 780 2717 dc
806 2648 990 2739 expellendi
1014 2651 1144 2733 lumen,
1168 2672 1242 2739 quae
1267 2654 1314 2721 est
1332 2657 1365 2723 in
1382 2656 1534 2725 omnibus
1548 2657 1769 2748 corporibus?
1797 2656 1854 2733 sed

330 2778 480 2851 quanam
502 2752 548 2823 est
572 2749 627 2819 illa
651 2747 803 2828 facultas,
830 2766 979 2835 quaenam
1004 2747 1144 2835 partium
1167 2747 1383 2819 constitutio?
1409 2750 1475 2821 hoc
1498 2756 1627 2840 penitus
1649 2754 1738 2824 latet.

380 2860 456 2924 11⁶.
480 2850 553 2918 Cur
569 2867 661 2914 rnare
681 2846 835 2937 agitatum
852 2840 1084 2912 concullumue
1099 2843 1265 2914 nonnullis
1287 2843 1376 2917 lucet
1401 2847 1575 2932 nociibus,
1600 2846 1635 2917 dt
1659 2867 1766 2943 guttae
1788 2848 1856 2921 val.

326 2949 369 3019 de
393 2950 532 3017 nitentes
554 2940 693 3032 spargit,
718 2937 783 3006 alio
812 2955 961 3025 tempore
984 2957 1119 3026 parurn,
1143 2938 1209 3006 alio
1232 2959 1382 3027 tempore
1403 2944 1508 3013 nihil?
1559 2948 1614 3015 An
1638 2965 1706 3015 non
1729 2945 1853 3036 pendet

313 3045 365 3117 ab
385 3040 564 3114 admodum
591 3037 715 3133 exiguis
734 3032 882 3115 iuledlis,
907 3031 1187 3114 vermiformibus,
1209 3056 1265 3104 aut
1279 3034 1399 3108 Erucae
1425 3038 1603 3123 similibus,
1627 3044 1697 3111 imo
1717 3041 1853 3113 diverh-

322 3163 398 3214 rum
419 3139 598 3230 specierum
621 3132 769 3201 celeriter
793 3131 828 3197 in
853 3148 1003 3223 magnam
1030 3127 1268 3199 multitudinem
1289 3137 1496 3227 propagatis,
1523 3131 1559 3204 ὅ(
1579 3136 1699 3207 cumse
1717 3156 1855 3209 mouent

326 3237 530 3315 lucentibus,
554 3229 675 3321 quibus
699 3223 909 3317 praesentibus
932 3242 1037 3293 totum
1062 3244 1150 3294 mare
1176 3223 1320 3310 allisum,
1346 3227 1552 3317 quallatum,
1577 3231 1686 3318 lucet,
1712 3232 1796 3303 adeo
1815 3253 1855 3306 ut

326 3330 483 3409 nonnulla
501 3327 609 3399 littora
632 3325 673 3395 ab
698 3322 793 3393 alliis
816 3320 911 3390 undis
934 3319 1062 3391 incensa
1082 3339 1276 3411 appareant,
1301 3322 1400 3394 veluti
1423 3327 1456 3402 in
1480 3326 1626 3399 Brafiliag
1652 3328 1779 3400 infesti,
1799 3328 1853 3402 his

323 3431 510 3505 absentibus
539 3426 624 3516 perit
654 3424 761 3492 omnis
790 3439 883 3506 aquae
906 3420 1038 3489 marinae
1059 3419 1169 3488 nitor!
1211 3418 1245 3486 id
1269 3421 1408 3509 probare
1429 3423 1577 3495 videntur
1604 3424 1849 3499 observatione,

328 3530 423 3604 Nob.
444 3527 476 3596 le
498 3523 606 3610 Ray,
622 3516 782 3602 Vianelli,
808 3512 990 3598 Gosellini,
1014 3512 1161 3596 Nolleti,
1187 3514 1376 3603 Sparshall,
1393 3517 1534 3610 Bellen,
1560 3518 1687 3590 Linaaei
1708 3522 1786 3617 (e)
1813 3519 1850 3594 δι

330 3628 469 3698 aliorum
496 3619 579 3714 (f).
628 3615 709 3686 Ideo
730 3617 764 3684 in
787 3613 884 3702 Aqua
906 3615 1028 3683 marina
1051 3610 1216 3702 percolata
1236 3610 1293 3680 lux
1316 3612 1452 3702 amplius
1477 3637 1545 3685 non
1569 3615 1677 3696 adest,
1704 3615 1758 3686 sed
1779 3638 1854 3706 pes.

332 3725 394 3796 stat
415 3723 448 3791 in
472 3718 550 3787 colo
576 3710 751 3783 admodum
774 3710 924 3802 fulgens,
949 3730 991 3780 ex
1015 3730 1084 3799 quo
1111 3706 1288 3797 prudenter
1308 3708 1426 3779 abrasae
1453 3729 1579 3805 guttae,
1604 3713 1761 3800 piscinam
1781 3712 1855 3803 plu.

333 3821 424 3894 rimis
444 3813 610 3906 impletam
634 3808 813 3881 namatibus
834 3808 993 3897 variisque
1015 3804 1159 3896 piscibus
1181 3803 1412 3897 Microscopio
1437 3805 1641 3898 speciandam
1666 3808 1825 3899 praebem,

385 3936 457 3987 120.
481 3912 537 3982 An
562 3929 606 3980 es
627 3906 750 3977 fulvum
764 3903 953 3977 Africanum
975 3908 1008 3977 in
1028 3900 1139 3976 annuli
1153 3900 1294 3994 speciem
1310 3901 1464 3976 effectum
1479 3908 1577 3978 etiarn
1590 3904 1782 3980 intenebris
1798 3905 1852 3980 lu·

322 4034 402 4101 cet,
427 4011 474 4083 uti
499 4006 631 4082 uaditur
652 4002 737 4101 (g).
1754 4098 1841 4174 cg

325 4347 329 4356 ·
398 4313 465 4392 (a)
484 4313 536 4377 Da
549 4311 658 4375 Tenere
670 4307 747 4374 illst.
760 4311 870 4373 Gener.
887 4306 938 4368 des
953 4303 1090 4368 Antilles.
1111 4305 1201 4365 Ten.
1219 4317 1246 4362 a.
1268 4320 1332 4383 pag.
1349 4306 1420 4371 sno.

404 4396 442 4471 (d
485 4393 623 4457 adanson
639 4394 763 4469 voyage
778 4408 816 4451 an
831 4385 965 4461 senegal.
984 4388 1072 4446 Torn.
1090 4401 1115 4444 1.
1137 4400 1202 4459 pag.
1217 4398 1266 4453 92.

405 4396 465 4549 (ιζ
482 4472 602 4551 Journal
618 4472 669 4532 des
683 4472 818 4549 Sparsas.
841 4470 928 4528 Tom.
948 4482 973 4523 r.
993 4480 1059 4542 pag.
1082 4458 1151 4535 778.
1185 4542 1192 4556 .

403 4549 467 4629 (d)
486 4552 599 4612 Plinius
621 4551 688 4610 Lib.
702 4568 732 4621 9.
753 4549 781 4625 l.
798 4555 846 4622 87.
868 4563 933 4622 pag.
950 4550 1019 4621 53⁶·
1058 4541 1227 4605 L’Historre
1242 4540 1281 4603 de
1302 4537 1415 4606 l'dcad.
1437 4538 1516 4620 Ray.
1538 4542 1595 4609 Ao.
1612 4552 1701 4620 rm.
1720 4554 1788 4625 pag.
1805 4553 1856 4626 ¹05

490 4630 825 4691 condennationem.
846 4624 917 4685 Vol.
929 4636 958 4681 a.
980 4639 1046 4699 pag.
1065 4628 1134 4695 ²4⁸·
1158 4619 1263 4700 disq.

407 4707 466 4782 (ι)
487 4709 556 4769 Asta
569 4709 705 4783 Lipsreos.
719 4709 867 4783 Septemb.
884 4704 970 4776 17⁶0·
992 4719 1056 4778 pag·
1071 4709 1141 4776 476.

404 4785 465 4864 (j)
484 4786 649 4847 L'flilioire
664 4788 701 4846 de
716 4786 828 4847 l’Acad.
845 4787 924 4858 Ray.
949 4781 1002 4840 no.
1021 4793 1108 4857 1750.
1128 4799 1194 4860 pag.
1212 4787 1260 4853 5⁶·
1280 4780 1389 4849 ubilos.
1407 4780 1554 4853 Tantali.
1573 4782 1629 4851 No,
1643 4794 1713 4861 494,

401 4865 468 4951 ir)
487 4866 607 4949 voyage
622 4865 662 4938 du
673 4865 828 4942 Cleander
844 4862 894 4933 dtr
910 4858 1058 4932 nucum
1072 4880 1111 4928 ea
1127 4859 1254 4926 Gainee.

1185 4998 1354 5098 slttta
