4992 6767
681 677 888 778 srva
968 681 1074 776 or
1156 637 1524 778 vaurts.
1758 730 1861 809 1109

341 888 446 964 solum
481 873 655 962 calefecit,
688 877 863 964 uscunque
888 875 1114 961 imminentem
1135 876 1182 948 ob
1210 875 1318 951 radios
1344 882 1566 960 reverberatos
1595 885 1743 962 rorefecit
1765 894 1860 965 vrbe.

341 986 512 1062 mentius,
545 997 643 1068 quam
670 977 729 1068 qui
751 975 831 1044 misi
853 975 1036 1044 incumbit:
1068 975 1126 1050 ast
1151 973 1348 1062 calefactus,
1380 978 1543 1077 assurgens
1565 982 1647 1054 ultra
1677 986 1860 1076 supremum

342 1076 562 1170 atmosphaerae
583 1074 741 1158 limitem,
769 1070 942 1146 lateraliter
964 1069 1097 1156 defluit,
1122 1072 1225 1146 levior
1248 1075 1372 1147 evadit:
1398 1077 1615 1169 quodefluxu
1638 1082 1697 1154 ae'r
1720 1093 1861 1158 marinus

342 1183 469 1280 griviOr
496 1174 553 1260 fit,
579 1176 724 1265 quitum
748 1165 783 1240 ἃ
811 1190 946 1261 propter
976 1170 1129 1261 copiosos
1160 1171 1355 1267 assurgentes
1378 1196 1419 1246 ex
1452 1180 1531 1248 mari
1557 1201 1725 1272 vapores,
1759 1185 1862 1256 elalli·

342 1301 401 1352 cos
427 1273 463 1348 dt
488 1273 677 1355 elesiricos,
702 1267 745 1342 sd
769 1287 885 1338 terram
907 1263 943 1338 ἃ
965 1270 1077 1348 esrem
1100 1270 1257 1341 leviorem
1280 1270 1433 1362 pellitur,
1457 1296 1589 1348 ventum
1613 1281 1769 1353 marinum
1797 1283 1862 1354 sus.

343 1379 518 1459 citaturus;
541 1372 598 1461 qui
614 1367 703 1442 flabit
722 1365 882 1460 proinde,
907 1367 1062 1456 quamdiu
1077 1368 1136 1440 asr
1154 1387 1300 1440 terrenus
1318 1368 1392 1460 plus
1406 1374 1530 1444 marino
1548 1376 1709 1450 incalescit
1721 1379 1862 1464 ,humo-

346 1492 462 1564 resque
485 1469 594 1560 plures
616 1468 781 1559 recipere,
806 1460 842 1534 dt
864 1463 1022 1555 dispertiri
1048 1465 1180 1554 potest,
1201 1486 1307 1558 usque
1331 1466 1372 1546 ad
1395 1467 1485 1542 horse
1511 1473 1678 1544 occasumr
1705 1480 1861 1568 quoniam

346 1572 404 1644 Sol
423 1570 544 1640 Aerem
570 1586 662 1642 terre
687 1563 932 1642 ueunbentem
956 1564 1097 1644 maxime
1120 1562 1267 1632 incendit
1293 1565 1333 1634 ab
1358 1563 1438 1638 hora
1471 1591 1514 1640 12
1540 1570 1581 1640 ad
1610 1591 1630 1663 3
1661 1574 1734 1663 post
1766 1577 1862 1646 mesi.

345 1669 453 1751 diem,
480 1661 663 1755 &plurimi
690 1683 731 1740 ex
747 1661 826 1740 mari
847 1680 916 1734 tum
939 1662 1036 1732 eriam
1059 1677 1197 1750 vapores
1213 1658 1371 1755 surgunt,
1395 1685 1509 1741 vernus
1532 1670 1674 1744 marinus
1690 1670 1756 1743 hoc
1776 1692 1862 1743 tem.

345 1788 427 1858 pore
450 1765 510 1833 erit
535 1760 737 1832 sortiffimus:
762 1757 840 1836 Sole
861 1776 1017 1852 tergente
1049 1756 1091 1834 ed
1116 1757 1295 1841 occasum,
1326 1762 1385 1832 ast
1417 1780 1509 1836 terre
1539 1766 1732 1838 incumbens
1757 1772 1864 1840 conti·

345 1886 413 1935 nuo
437 1863 543 1936 minus
567 1861 739 1958 minusque
763 1852 942 1938 incalescit,
969 1851 1152 1944 &parcior
1168 1853 1229 1924 erit
1253 1859 1381 1946 vaporis
1403 1877 1445 1926 ex
1474 1860 1553 1930 mari
1574 1862 1768 1951 adscensus,
1796 1887 1863 1958 quo

342 1981 456 2034 ventus
484 1958 624 2032 namus
646 1957 751 2054 mugit
774 1956 940 2054 magisque
962 1949 1157 2032 debilitatur.

392 2108 424 2207 ς.
449 2103 787 2181 MMDLXXXVll.
820 2103 971 2178 Tandem
999 2103 1073 2195 post
1104 2102 1190 2172 Solis
1222 2104 1373 2174 occasum
1402 2107 1435 2174 in
1457 2104 1547 2175 Aere
1570 2125 1639 2175 non
1661 2101 1801 2195 amplius
1824 2100 1863 2172 il·

345 2209 494 2287 lullrato,
517 2202 609 2295 supra
639 2224 727 2274 mare
752 2197 787 2271 &
817 2223 935 2271 terram
965 2199 1002 2267 fit
1025 2197 1141 2267 carons
1166 2201 1403 2289 aequilibrium,
1433 2220 1615 2289 ventusque
1649 2199 1735 2286 srlet,
1762 2196 1863 2269 &at-

346 2301 534 2392 mosphaerte
558 2299 661 2392 ligura
683 2298 725 2365 ad
751 2297 927 2365 naturalem
949 2294 1053 2385 redit,
1080 2292 1235 2365 limitibus
1257 2297 1412 2386 supremis
1437 2297 1479 2365 sd
1501 2295 1644 2366 libellam
1669 2296 1863 2366 constitutis.

392 2398 526 2471 latetim
545 2394 630 2463 calet
654 2391 777 2477 solum,
802 2392 952 2483 caletque
974 2413 1072 2483 aqua:
1098 2392 1198 2463 ambo
1222 2393 1381 2483 exspirant
1400 2390 1524 2463 calidos
1539 2414 1675 2484 vapores
1693 2394 1725 2462 in
1741 2391 1863 2475 altum,

346 2497 401 2569 sed
428 2514 515 2564 mare
542 2490 646 2560 multo
670 2490 869 2580 copiosores
894 2509 991 2581 quam
1019 2489 1141 2560 solum:
1166 2512 1184 2561 a
1213 2493 1333 2579 quibus
1354 2492 1446 2575 Ae'r,
1478 2492 1559 2560 mari
1588 2491 1760 2560 imminens
1790 2486 1865 2580 plus

346 2590 508 2664 incalescit
524 2609 623 2678 quam
642 2590 698 2678 qui
719 2586 790 2658 solo
813 2587 1006 2673 imcumbit,
1024 2587 1102 2657 ideo
1119 2587 1208 2673 Αέῐ,
1232 2587 1326 2680 super
1349 2589 1529 2660 continenti
1554 2587 1702 2672 densior,
1727 2585 1864 2657 descen·

347 2691 416 2775 dit,
441 2708 505 2757 una
528 2707 604 2756 cum
626 2687 789 2756 contentis
813 2685 1007 2776 vaporibus,
1042 2680 1078 2754 ἃ
1100 2706 1119 2756 a
1144 2705 1235 2776 parte
1260 2685 1415 2776 superiori
1442 2706 1547 2757 novus
1571 2687 1626 2756 air
1653 2683 1772 2770 affluit,
1797 2683 1864 2774 jam

346 2787 418 2860 haec
440 2782 569 2855 densior
594 2785 787 2879 graviorque
807 2782 1032 2873 annosphaerae
1057 2804 1132 2873 pars
1170 2782 1415 2875 quoquoversus
1450 2781 1481 2852 se
1513 2781 1696 2873 expandere
1725 2784 1880 2865 nitetur,¹
2008 2851 2013 2858 ,
2102 2783 2108 2796 ’

346 2879 543 2976 pontinum
565 2902 655 2952 mare
680 2879 812 2968 versus,
843 2900 974 2958 ventum
1005 2898 1167 2954 terrenum
1193 2883 1415 2966 excitaturus,
1449 2881 1506 2970 qui
1538 2898 1607 2949 tota
1637 2880 1734 2948 noete
1755 2875 1864 2960 flabit,

348 2980 403 3053 sed
426 3000 521 3050 mane
549 2978 691 3063 definit,
726 2978 772 3048 ob
799 2979 1016 3070 aequilibrium
1050 2981 1134 3050 inter
1158 2981 1240 3052 asris
1264 2977 1372 3048 diurni
1402 2975 1619 3065 nosluruique
1640 2974 1804 3057 calorem,
1830 2968 1867 3042 δι

305 3119 309 3126 -
346 3076 560 3169 aequilibrium
583 3078 669 3144 inter
690 3096 827 3162 mperes
851 3079 976 3158 a'essreos.
1024 3073 1168 3148 Humida
1191 3093 1302 3152 autem
1316 3072 1505 3161 tempestate
1520 3074 1661 3142 otiantur
1679 3073 1768 3145 venti
1785 3069 1867 3142 Ter·

344 3178 414 3247 reni
443 3168 477 3242 bt
502 3171 646 3252 Marini,
672 3171 748 3260 quia
778 3188 847 3240 tum
869 3168 991 3242 coelum
1012 3172 1059 3240 est
1081 3168 1295 3251 nebulosum,
1321 3187 1390 3238 tum
1413 3169 1492 3237 mari
1514 3188 1553 3236 ac
1577 3186 1660 3236 terra
1684 3188 1752 3238 non
1781 3170 1864 3238 inae·

344 3270 482 3365 qualiter
508 3265 753 3354 incalescente,
783 3268 883 3338 etiam
913 3266 987 3340 Ast
1019 3263 1114 3357 supra
1148 3285 1265 3338 terram
1291 3258 1331 3334 dt
1363 3285 1451 3336 mare
1481 3285 1549 3337 non
1578 3262 1781 3357 inaequaIiter
1812 3283 1866 3336 ca·

341 3369 441 3441 lescit.

393 3498 425 3591 §.
451 3491 808 3565 MMDLXXXVlll.
840 3492 879 3558 ln
913 3493 1045 3580 reliquis
1077 3494 1190 3563 Terrae
1222 3495 1412 3588 regionibus
1436 3516 1454 3564 a
1476 3494 1629 3585 Tropicis
1654 3513 1720 3563 tam
1746 3489 1866 3564 Polum

346 3593 452 3664 versus
468 3591 634 3669 Boreum,
658 3607 756 3674 quam
770 3584 952 3655 Australem
978 3585 1072 3659 liberi
1094 3587 1212 3681 spirant
1233 3593 1344 3681 venti,
1370 3594 1426 3679 qui
1450 3609 1512 3658 nec
1532 3609 1683 3679 tempus,
1714 3610 1777 3658 nec
1803 3611 1866 3680 pe·

347 3688 497 3769 riodum,
523 3705 585 3755 nec
607 3683 758 3778 plagam,
782 3704 846 3753 nec
867 3683 1090 3771 altitudinem,
1115 3706 1178 3756 nec
1200 3686 1461 3782 longitudinem,
1481 3706 1545 3757 nec
1560 3683 1780 3767 latitudinem,
1805 3705 1867 3754 nec

347 3791 506 3875 impetum
535 3780 726 3863 observant,
751 3779 1005 3872 quaquaversum
1031 3784 1064 3854 se
1086 3792 1278 3869 lvertentes:
1303 3783 1388 3855 adeo
1411 3803 1448 3856 ut
1473 3783 1535 3854 lint
1564 3782 1661 3853 instar
1691 3780 1868 3853 fluminum

348 3885 522 3956 a'e'reorum
552 3899 640 3949 nunc
672 3877 826 3968 placide,
859 3899 947 3952 nunc
970 3883 1121 3954 torremis
1143 3880 1241 3952 instar
1265 3885 1485 3968 currentium,
1519 3877 1697 3952 differentis
1726 3875 1869 3949 latitudi-

348 3986 399 4052 nis
426 3974 461 4047 dt
483 3975 714 4072 longitudinis:
739 3975 885 4048 laterales
908 3978 993 4068 ripas
1016 3981 1136 4051 minori
1159 3979 1331 4051 velocitate
1354 3980 1601 4074 abripiendum:
1625 3981 1671 4049 ita
1696 3979 1730 4049 in
1756 3973 1868 4046 medio

350 4079 432 4148 alvei
457 4074 570 4146 fluxus
593 4072 835 4164 rapidissimus,
849 4073 890 4144 ad
911 4076 997 4166 ripas
1022 4076 1155 4148 mollior
1175 4080 1246 4148 erit.

398 4173 528 4244 Horum
559 4170 652 4242 causa
684 4170 729 4242 est
753 4174 862 4241 omnis
890 4171 964 4257 illa,
995 4195 1070 4263 quae
1098 4175 1325 4265 atmospbaerae
1355 4194 1481 4267 partem
1508 4195 1550 4244 ex
1583 4172 1661 4241 loco
1689 4175 1723 4239 in
1754 4168 1868 4239 locum

347 4291 479 4343 movere
493 4269 619 4359 potest,
639 4267 701 4339 live
715 4266 812 4339 suerit
826 4273 973 4357 potentia
986 4273 1131 4361 pellens,
1156 4272 1207 4343 vel
1223 4273 1397 4344 resistentia
1411 4271 1529 4342 alicubi
1545 4271 1687 4339 minuta:
1711 4263 1764 4337 vel
1778 4286 1868 4355 qute-

349 4370 422 4442 datn
445 4363 613 4442 affausm
640 4366 830 4458 aequilibriir
863 4368 999 4439 diresiio
1029 4372 1152 4461 pendet
1180 4392 1201 4442 a
1230 4369 1552 4456 b10,fluminibus,
1586 4366 1742 4448 lacubus,
1765 4364 1867 4448 mari,

350 4464 542 4537 anhelitibus
566 4481 608 4532 ex
637 4480 721 4534 terra
741 4463 974 4552 evolantibus,
1007 4484 1076 4540 tum
1102 4491 1121 4540 a
1144 4469 1203 4541 litu
1225 4471 1415 4549 montium,
1445 4465 1632 4553 sylvarum,
1663 4460 1869 4551 aliorumque

349 4561 563 4650 eminentium
587 4579 783 4650 corporum,
808 4582 881 4652 quse
900 4561 1096 4636 alamann
1117 4564 1227 4648 assem
1253 4560 1402 4652 pellunt,
1426 4581 1463 4644 ut
1487 4559 1642 4652 quasdam
1673 4559 1782 4630 versus
1798 4556 1869 4648 pla·

350 4684 406 4755 gas
430 4653 627 4746 potissrmum
652 4656 830 4753 dirigatur,
859 4656 910 4728 vel
936 4657 1030 4730 locus
1058 4659 1228 4752 aequilibrii
1251 4681 1379 4752 expers.
1430 4656 1522 4754 Quid
1544 4678 1674 4730 montes
1696 4656 1869 4727 direslionl

350 4775 521 4826 ventorum
545 4754 684 4824 tribuant
702 4774 790 4845 paret
810 4777 851 4826 ex
874 4757 1097 4832 observatione
1123 4760 1301 4852 multorum
1324 4780 1483 4832 annorum
1507 4779 1526 4828 a
1548 4755 1712 4830 Kirchero
1736 4754 1867 4836 ttadltssss

351 4852 509 4924 blontem
536 4854 623 4921 enim
652 4851 837 4943 Januarium
867 4858 992 4925 nivibus
1020 4861 1229 4953 aggravatum
1262 4857 1385 4942 Romae
1413 4859 1556 4930 'Boream
1583 4860 1751 4939 excitare,
1785 4851 1869 4920 ultro

351 4970 498 5022 montem
531 4947 711 5024 constitutis
740 4952 913 5041 Austrum,
939 4955 1064 5029 Sabinis
1094 4953 1316 5044 oneratur,
1341 4956 1485 5033 Vestinis
1521 4952 1758 5040 occidentalem
1787 4965 1865 5019 ven·

1045 5054 1104 5126 Aa
1128 5074 1174 5126 aa
1197 5074 1242 5126 aa
1267 5075 1286 5124 a
1311 5078 1333 5125 2
1796 5057 1867 5113 tum
