4992 6767
539 697 624 806 με
835 685 1413 778 oescurrrro
1473 685 1783 774 ocurn

546 888 665 972 inlicit,
689 906 753 960 nec
772 907 888 978 aquam
903 887 1009 958 reddit
1030 885 1208 969 turbidam,
1233 883 1333 955 neci
1355 882 1511 955 choroide
1534 886 1669 974 ineque
1687 900 1847 954 macerata
1868 882 2016 958 secedite
2030 898 2087 965 ln·

545 983 711 1076 superficie
739 988 863 1055 interna
883 986 995 1054 insrdet
1019 987 1220 1078 pigmentum
1251 983 1413 1075 nigricans
1434 1001 1490 1052 aut
1509 980 1665 1073 pullum,
1698 979 1794 1072 quod⁴
1812 1001 1919 1054 tamen
1942 987 1995 1058 vix
2012 987 2073 1058 ad·

545 1080 592 1154 esl
616 1102 722 1171 prope
745 1080 917 1176 ingressum
940 1085 1030 1152 nervi
1053 1083 1176 1170 optici,
1201 1079 1257 1149 ubi
1277 1078 1417 1148 circulus
1438 1078 1529 1149 albus
1552 1078 1614 1150 stre
1635 1079 1822 1149 membrana
1842 1080 1980 1151 cribrosa
2010 1105 2075 1176 ap·

546 1199 661 1271 paret:
693 1179 843 1250 ctasitties
870 1181 1029 1274 pigmenti
1064 1175 1260 1247 increscente
1291 1195 1384 1246 etate
1411 1178 1587 1246 minuitur:
1619 1180 1822 1272 pigmentum
1840 1178 1874 1246 in
1897 1178 2073 1268 polleriors

544 1295 637 1370 parte
658 1274 845 1367 clamidis,
871 1298 944 1367 quse
969 1276 1079 1346 retinae
1102 1274 1280 1355 incumbit,
1305 1273 1454 1363 aquosrus
1475 1272 1521 1342 est
1544 1268 1579 1343 δι
1604 1275 1711 1343 minus
1737 1274 1943 1362 pertinaciter
1959 1278 2074 1349 edbae³

549 1370 661 1444 rescit:
687 1375 892 1468 pigmentum
914 1372 1017 1443 hoca
1042 1368 1198 1442 chornide
1214 1371 1249 1446 iu¹
1264 1368 1397 1439 homine
1412 1373 1486 1441 vivo
1500 1391 1665 1459 nunquam
1691 1368 1838 1440 secedite.
1851 1376 1984 1464 corpori
2007 1375 2074 1447 srve

548 1468 726 1563 ligamento
747 1468 846 1539 ciliari
865 1490 933 1542 non
956 1469 1070 1559 aquali
1094 1468 1216 1557 ubique
1238 1466 1341 1537 modo
1357 1466 1509 1552 illinitur,
1534 1487 1608 1537 curn
1623 1466 1787 1538 valleculis
1801 1469 1885 1538 inter
1906 1469 2091 1560 processus-

553 1564 678 1635 ciliares
696 1567 893 1650 intermediis
907 1567 1034 1636 arsliori
1047 1563 1177 1635 vinculo
1193 1565 1228 1634 fit
1247 1563 1499 1658 agglutinatum,
1525 1559 1559 1632 δι
1575 1564 1748 1633 saturatiori
1757 1563 1898 1636 solitfiori
1907 1588 1971 1656 que
1985 1567 2074 1658 palla

552 1661 622 1732 illas
631 1661 794 1746 obducat,
806 1665 914 1754 apices
926 1684 1033 1734 autem
1050 1663 1270 1753 prominentes
1280 1661 1395 1731 liberas
1412 1659 1479 1730 fere
1494 1657 1528 1729 ot
1544 1680 1692 1750 expertes
1708 1659 1884 1757 nigredinis
1900 1663 2094 1756 relinquat‚.

553 1775 590 1828 ut
614 1757 695 1829 llriae
719 1758 780 1830 illae
797 1760 941 1831 candide
964 1762 1062 1855 nigris
1085 1758 1248 1830 valleculis
1268 1757 1461 1847 interpofitae
1484 1757 1613 1828 alternis
1633 1758 1757 1828 vicibus
1774 1749 1927 1830 annulum'
1942 1760 2076 1858 elegan-

555 1875 603 1926 ter
626 1877 667 1925 ex
692 1855 768 1926 albo
791 1853 942 1952 &nigro
965 1860 1084 1927 sariunt
1107 1853 1264 1924 efficient:
1291 1876 1407 1948 magna
1430 1876 1503 1946 pars
1525 1853 1618 1946 hujus
1639 1856 1817 1949 pigmenti,
1842 1855 1939 1947 quod·
1953 1878 2076 1950 corpus

554 1953 664 2024 ciliare
686 1952 832 2047 obtegit,
858 1961 959 2027 vitreo
986 1952 1111 2023 humori
1135 1950 1332 2045 adglutinrtn
1352 1950 1549 2021 adhaerescit.

603 2049 732 2120 Abluto
754 2052 923 2143 pigmento
947 2073 965 2120 a
992 2049 1158 2140 superficie
1171 2053 1318 2132 interna,
1343 2067 1478 2138 apparet
1498 2047 1569 2118 baec
1584 2044 1726 2133 uillam¹
1739 2049 1780 2119 ab
1794 2053 1884 2120 omni
1898 2053 1989 2136 'enirn
2002 2073 2093 2142 par·-

554 2166 586 2218 te
614 2149 801 2216 emittuntur
824 2145 954 2217 floccttli
978 2148 1091 2217 breues
1116 2149 1156 2216 in.
1171 2165 1254 2232 aquo
1278 2142 1461 2214 fluitantes:
1486 2143 1558 2214 htec
1581 2144 1696 2212 lautino
1711 2143 1817 2214 villose
1831 2149 1926 2234 etiam
1941 2149 1974 2216 in
1991 2171 2076 2238 pro.

553 2241 687 2313 cellrbus
713 2243 875 2314 ciliatibus
898 2262 1060 2334 apparet,
1086 2243 1117 2309 in
1141 2243 1259 2330 quibus
1283 2239 1421 2312 flocculi
1442 2240 1627 2334 longiores,
1651 2235 1693 2310 bt.
1707 2243 1742 2310 iu
1759 2239 1880 2311 areolas
1902 2239 1972 2312 sere
1987 2265 2073 2335 quo³

553 2339 760 2434 drangulates
783 2338 847 2409 sieli
872 2337 964 2409 sunt:
990 2339 1068 2408 eluti
1093 2335 1228 2407 flocculi
1251 2338 1372 2406 albent.
1789 2347 1793 2352 '

607 2436 644 2506 ln
672 2436 781 2506 multis
804 2437 1023 2520 animalibus,
1057 2437 1103 2504 uti
1130 2437 1161 2502 in
1187 2430 1325 2516 Leone,
1363 2433 1522 2518 Camelo,
1547 2432 1657 2525 Urso,
1681 2433 1794 2518 Bore,
1816 2431 1944 2519 Cesso,
1968 2435 2089 2523 Ore,

556 2533 651 2605 Cane
670 2583 681 2616 ,
707 2533 806 2616 Fele,
833 2533 1007 2623 multisque
1029 2534 1159 2613 avibus,
1184 2528 1350 2600 chornidis
1370 2529 1711 2622 interna-superficies·
1726 2550 1793 2600 non
1823 2533 2089 2627 nigrescit,.,secl.

555 2632 676 2703 coloris
700 2629 924 2713 esteterulei,
948 2630 1075 2712 uiridis,
1101 2628 1196 2709 slavi,
1223 2627 1273 2696 vel
1294 2627 1431 2697 alterius

543 2725 546 2732 '
604 2727 663 2798 Est
687 2731 794 2799 tunica
818 2726 991 2797 chornides
1015 2725 1114 2795 oculo
1141 2727 1301 2815 proptia,
1332 2726 1427 2794 unica
1449 2726 1509 2796 lire
1536 2724 1690 2815 simplex,
1715 2720 1839 2797 &non
1865 2747 1935 2799 orta
1956 2749 1996 2799 ex
2020 2731 2095 2821 piu.

555 2846 678 2895 matre:
704 2828 742 2893 in-
762 2823 865 2894 fundo
893 2824 980 2895 oculi
995 2824 1152 2894 soramine
1174 2821 1319 2892 circulari
1348 2819 1550 2917 &margine
1566 2827 1693 2917 integro
1708 2823 1881 2895 medullam
1907 2828 1994 2896 nervi
2012 2845 2092 2918 op»-

556 2925 623 3002 tici,
643 2923 743 3000 ambit
772 2919 807 2992 ἀ
833 2924 918 2993 ursle
948 2921 1193 3012 conrplcslitur3
1218 2939 1357 2988 attamen
1381 2921 1413 2986 in
1438 2918 1490 2987 sua
1505 2921 1629 3015 origine
1660 2921 1761 2991 ambit
1781 2924 2093 2995 membranam-ro·-

557 3021 693 3096 tundam
723 3017 895 3090 cribrosam
914 3067 935 3099 ,.
952 3039 1025 3104 quae
1056 3017 1140 3106 jacet
1166 3015 1197 3080 in
1227 3033 1308 3083 caro
1333 3012 1537 3106 seleroticre,
1572 3038 1629 3106 per
1655 3037 1753 3106 quam
1774 3021 1867 3089 nervi
1885 3021 1985 3110 optici
2006 3041 2078 3090 me·

556 3115 645 3186 dulla
677 3112 802 3192 transtt,
826 3112 974 3199 adeoque
1002 3107 1176 3178 chornidcs
1198 3110 1284 3179 circa
1299 3110 1516 3180 membranam
1539 3112 1711 3183 cribrosam
1725 3113 1919 3188 circulariter
1935 3115 2094 3208 explica·-

556 3226 618 3274 tur.
690 3203 846 3298 Quando·
868 3203 1042 3274 choroitles
1069 3205 1203 3292 propius
1225 3203 1267 3271 ad
1288 3207 1447 3298 originem
1473 3227 1601 3278 corneae
1624 3211 1777 3294 accedit,
1809 3233 1942 3304 utruque
1968 3213 2079 3306 super·

497 3333 499 3338 ·
552 3297 629 3370 ficio
654 3321 720 3370 non
744 3319 856 3386 parurn
878 3319 1046 3368 mutatur:
1073 3320 1145 3368 narn
1168 3298 1209 3368 ad
1230 3299 1323 3372 linere
1348 3297 1416 3369 sere
1441 3301 1619 3375 distantiam
1640 3307 1682 3375 ab
1704 3311 1830 3402 origine
1854 3331 1982 3382 corneae
2009 3310 2080 3384 sen·

553 3393 613 3465 strn
637 3393 758 3470 obduci
789 3396 903 3486 incipit
927 3396 1034 3464 tunica
1054 3394 1206 3465 cellulosa
1232 3395 1332 3482 alba,
1364 3399 1484 3481 brevi,
1515 3401 1636 3486 molli,
1668 3402 1809 3484 lubrica,
1834 3428 1926 3496 aquae
1951 3406 2094 3500 semper·

554 3489 683 3584 plena,
716 3489 874 3578 posterius
897 3495 1033 3562 tenuiori
1056 3489 1241 3579 &laxiori,
1266 3497 1427 3566 anteriora
1449 3497 1555 3570 versus
1581 3497 1690 3570 sensrm
1711 3503 1822 3586 ausis,
1848 3500 2093 3588 senensium..

555 3608 630 3678 quae
658 3586 814 3660 annulum
846 3589 956 3661 album
981 3588 1096 3676 refert,
1122 3587 1157 3660 bt
1180 3593 1296 3662 arelius
1313 3595 1475 3684 inprimis
1497 3595 1662 3667 vinculum
1687 3597 1871 3682 constituit,
1897 3601 1988 3694 eujus
2009 3623 2077 3694 ope

554 3683 729 3758 choroides
749 3707 899 3757 accumte
922 3709 996 3756 curn
1021 3687 1185 3756 sclerotica
1207 3683 1431 3784 conjungitur:
1454 3691 1520 3762 hoc
1543 3694 1708 3764 vinculum
1724 3693 1912 3767 cellulosum
1935 3699 2090 3772 adheret·

556 3782 722 3853 areliffime
752 3781 876 3848 circulo
899 3783 993 3869 nigro
1015 3779 1214 3861 scleroticae‚
1249 3785 1305 3868 qui
1326 3784 1494 3869 superficie
1516 3789 1659 3857 interiori
1685 3811 1836 3862 corneam
1859 3793 2004 3882 limitat,
2044 3791 2090 3868 ἃ.

544 3880 610 3948 ¹cui
632 3876 749 3943 lamina
768 3877 909 3944 anterior
930 3870 1018 3939 iridis
1047 3891 1065 3938 a
1112 3870 1291 3942 lutinatur:
1324 3878 1446 3964 ubique
1468 3899 1574 3968 aurern
1601 3882 1705 3950 multo
1728 3889 1844 3954 arelius
1868 3890 2082 3987 conjungitur
2119 3877 2122 3884 ’

555 3967 729 4058 cumipse
752 3966 920 4038 subllanria
948 3963 1063 4036 choro't'
1086 3969 1130 4052 ie,
1156 3989 1246 4059 quae,
1274 3968 1330 4040 sub
1354 3970 1411 4042 illo
1430 3973 1551 4044 annulo
1569 3975 1723 4046 celluloso
1739 3977 1881 4050 subtilior
1895 3980 1930 4051 δι
1949 3991 2085 4063 tenuior

554 4064 658 4152 fulla,
682 4062 853 4136 introrsum
873 4061 980 4136 versus
1001 4061 1121 4134 lentem
1147 4064 1178 4136 se
1200 4065 1313 4138 llellitr
1755 4077 1772 4098 ⁸

605 4177 636 4276 §.
662 4175 956 4251 MDCCCLVll.
981 4175 1058 4250 Hbc
1091 4179 1259 4278 cingulum
1291 4181 1326 4250 in
1348 4179 1483 4253 liomiite
1502 4187 1558 4257 virs
1578 4185 1661 4258 ultre
1681 4184 1799 4260 lineam
1824 4186 1924 4260 latum
1946 4190 2014 4276 est,
2041 4191 2081 4268 &

556 4297 690 4351 vocatur
714 4280 942 4374 Ligamentum
966 4276 1017 4349 vel
1031 4279 1162 4373 Corpus
1184 4281 1295 4351 risiare
1315 4296 1371 4349 aut
1385 4281 1543 4375 proreffrts
1565 4283 1697 4356 ciliaris.

610 4373 800 4447 Choroides
826 4375 882 4444 sub
912 4373 1061 4446 orbiculo
1086 4375 1186 4447 ciliari
1207 4394 1399 4461 extenuata,
1432 4379 1674 4465 aSclerotice,
1697 4383 1780 4454 intra
1804 4404 1900 4475 quam
1923 4384 1964 4454 ad
1987 4379 2079 4460 hunc

557 4490 662 4563 usque
691 4471 799 4542 locum
821 4475 1028 4544 concentrica
1057 4471 1325 4568 expandebatur,
1358 4469 1479 4543 se'nsm.
1493 4476 1664 4551 introrsum
1688 4477 1829 4568 secedit,
1859 4477 1899 4552 δι’
1917 4484 1951 4552 itt
1973 4482 2093 4575 plicas·-

556 4566 762 4656 ptocessuum
785 4566 939 4639 ciliarium
963 4570 1040 4639 ubit.
1456 4595 1459 4601 ·

607 4660 741 4750 Corpus
754 4661 819 4733 hoc
834 4665 943 4738 ciliare
967 4667 1053 4758 quast
1071 4665 1194 4760 septum
1211 4666 1347 4759 aliquod
1357 4666 1486 4739 humori
1499 4671 1603 4741 vitreo
1620 4668 1655 4743 ἃ
1670 4695 1776 4765 nqueo
1792 4673 1992 4765 interjeelum
2006 4674 2077 4750 sor·

557 4776 642 4830 mat:
669 4761 702 4830 iu
722 4760 875 4833 anteriori
898 4785 988 4854 parte
1015 4763 1192 4836 Choroidis
1211 4782 1344 4856 apparet
1366 4763 1422 4850 sub
1445 4763 1549 4840 forma
1572 4770 1803 4868 annuli-nigri,
1830 4774 1885 4861 qui
1907 4771 2086 4847 aemulatur·

558 4855 679 4930 discum
701 4855 790 4930 floris
815 4860 945 4945 radiati,
979 4862 1073 4934 inslar
1095 4884 1226 4935 coronae
1252 4861 1370 4933 lentem
1392 4863 1603 4953 crystallinam
1624 4870 1659 4939 in
1684 4869 1858 4940 rotundum
1880 4871 2075 4942 ambientisr

556 4954 594 5048 ‚ip
615 4955 749 5035 homine
768 4959 880 5035 adulto
905 4980 1051 5056 tempora
1071 4962 1177 5086 versus
1200 4959 1280 5036 duas
1301 4957 1375 5036 sere
1391 4959 1493 5039 lineas
1514 4961 1598 5040 lutus
1620 4959 1699 5057 est,
1712 4966 1755 5041 ad
1775 4964 1886 5042 nasum
1908 4969 2078 5043 ellrtuni·
