4992 6767
589 679 671 778 99a
804 649 1887 770 nannenonrsaounrs.

594 867 715 955 liquet:
742 865 933 954 ceteroquin
954 847 1099 933 omnium
1124 854 1329 929 humidilhmi
1353 854 1482 934 forent,
1508 855 1582 942 quia
1605 847 1640 921 δι
1666 875 1707 924 ex
1733 855 1871 931 Oceano
1891 855 2117 955 Germanico,

595 959 632 1033 dt
655 983 695 1032 ex
721 961 812 1032 Lacu
836 960 938 1031 Flevo
958 957 1138 1046 adspirant,
1164 956 1218 1024 sed
1244 953 1436 1042 plerumque
1460 948 1579 1038 absque
1607 953 1761 1024 nubibus.
1812 956 1978 1052 Quoniam
2005 967 2119 1054 plures

595 1062 681 1131 venti
695 1058 912 1132 occidentales
929 1054 1034 1127 afflant
1053 1053 1269 1133 Britanniam,
1294 1069 1390 1137 quam
1414 1046 1606 1128 orientales,
1633 1051 1818 1126 observatur
1832 1057 1935 1144 duplo
1950 1061 2022 1148 plus
2040 1065 2120 1152 plu·

595 1159 656 1226 viae
677 1159 709 1228 in
735 1155 917 1240 littoribus,
940 1148 1181 1246 &regionibus
1202 1144 1457 1217 occidentalibus
1481 1143 1653 1217 Britanniae
1674 1147 1760 1242 labi,
1792 1175 1890 1245 quarn
1908 1156 1943 1227 in
1963 1156 2120 1230 Orienta-

597 1251 730 1348 libus(
766 1251 799 1346 ).
1777 1281 1783 1292 ·
2144 1311 2149 1318 ,

646 1378 697 1458 5⁰.
724 1365 829 1453 Sylva:
850 1365 947 1433 etiarn
972 1359 1044 1430 sunt
1064 1359 1166 1431 causae
1188 1357 1394 1450 pluviaruma
1428 1377 1502 1428 nant
1528 1355 1658 1428 arbores
1683 1359 1850 1454 ingentem
1875 1383 2035 1452 vaporum
2057 1389 2116 1436 co·

596 1466 686 1553 piam
707 1459 888 1550 exspirant:
921 1460 955 1527 in
976 1455 1091 1527 Suecia
1114 1476 1182 1526 non
1203 1477 1316 1547 parurn
1339 1453 1454 1534 incolae
1476 1456 1517 1524 ab
1543 1455 1698 1525 imbribus
1731 1457 1946 1544 infestantur,
1979 1464 2035 1550 qui
2065 1461 2115 1530 so·

597 1559 667 1626 lum
684 1555 857 1643 copiohori
871 1553 1009 1624 humore
1023 1555 1190 1651 irrigantes
1203 1549 1433 1624 infertilitatem
1448 1551 1622 1620 inducunt:
1647 1551 1682 1616 hi
1697 1554 1818 1622 imbres
1836 1576 1856 1622 a
1876 1554 1994 1639 dentis,
2012 1561 2116 1627 maxi·

598 1653 726 1738 misque
751 1648 843 1736 sylvis
863 1653 1031 1734 oriuntur;
1057 1669 1137 1738 quas
1158 1648 1265 1719 nostra
1288 1646 1474 1735 tempellate
1497 1644 1672 1715 hincinde
1696 1646 1916 1720 incendendas
1939 1652 2000 1719 else
2024 1655 2115 1721 inco·

596 1747 640 1816 lte
665 1747 868 1815 didicerunt:
895 1749 938 1816 ita
959 1746 1079 1816 coelurn
1104 1747 1222 1815 minori
1246 1763 1404 1833 vaporum
1428 1744 1523 1830 copia
1545 1739 1720 1828 impletur,
1746 1742 1928 1833 dissipantur
1955 1769 2115 1836 vapores,

599 1841 634 1914 dt
656 1841 759 1910 solum
784 1840 928 1925 alendis,
950 1841 1156 1930 ferendisque
1165 1840 1319 1934 frugibus
1335 1841 1439 1928 aptius
1459 1837 1493 1904 iit
1509 1833 1544 1904 ἃ
1560 1834 1704 1906 fertilius.
1756 1838 1847 1908 ldem
1867 1842 2116 1913 observaverunt

598 1937 755 2026 Hispani,
778 1935 813 2008 δι
838 1935 927 2008 Galli
950 1941 983 2008 in
1009 1937 1121 2008 insulis
1150 1937 1309 2018 Antillis,
1343 1956 1415 2024 quae
1447 1932 1611 2022 quondam
1635 1931 1736 2027 longe
1760 1933 1980 2008 humentiorcs
2005 1959 2115 2025 erant,

598 2057 698 2126 quam
722 2032 1014 2124 inpraesentiarum
1038 2034 1135 2116 sunt,
1167 2033 1337 2123 postquam
1368 2030 1460 2117 sylvae
1486 2028 1598 2109 caesae,
1619 2023 1654 2096 dt
1677 2030 1811 2102 inceasae
1829 2032 1970 2104 suerunt.
2026 2038 2116 2109 ldem

598 2129 770 2202 confirmat
795 2129 1027 2222 Beuguerius,
1061 2133 1117 2214 qui
1144 2134 1177 2196 in
1202 2129 1325 2220 Regno
1347 2128 1495 2196 Peruano
1519 2145 1538 2191 a
1558 2123 1622 2194 iinu
1646 2120 1784 2194 fluminis
1806 2123 1982 2215 Guajaquil
2009 2155 2118 2222 usque

598 2229 640 2296 ad
665 2225 821 2306 sanante,
847 2246 921 2310 quae
945 2225 991 2293 eil
1014 2221 1187 2314 longitudo
1214 2243 1284 2312 300
1311 2221 1520 2302 milliarium,
1553 2217 1789 2308 frequentissime
1819 2221 1931 2310 pluere
1956 2226 2117 2300 observa·

598 2324 664 2402 vit,
690 2341 764 2388 curn
788 2323 821 2388 in
845 2339 887 2388 eo
913 2322 1012 2389 tratiu
1038 2319 1139 2387 solum
1171 2319 1206 2388 srt
1229 2319 1384 2405 sylvarum
1411 2315 1639 2406 plenillimum:
1664 2333 1779 2386 contra
1799 2314 2010 2408 aGuaiaqnil
2026 2324 2119 2396 Ans·

599 2437 685 2486 trum
707 2413 812 2486 versus
838 2414 918 2483 ultra
943 2415 1101 2496 Aricam,
1135 2412 1170 2484 dt
1193 2414 1297 2484 versus
1325 2412 1445 2483 deserta
1470 2414 1635 2483 Atacaniae
1667 2413 1700 2480 in
1732 2410 1875 2482 distantia
1900 2435 1973 2500 400
2000 2418 2117 2492 millia-

600 2516 683 2582 rium
706 2531 869 2599 nunquam
893 2513 995 2599 pluit,
1020 2532 1096 2580 curn
1121 2511 1173 2579 hic
1203 2509 1305 2579 solum
1330 2510 1367 2579 iit
1390 2509 1580 2594 arenosum,
1604 2528 1773 2599 apertum,
1798 2507 1951 2595 sylvarum
1978 2534 2114 2604 expers;

599 2612 670 2676 imo
694 2608 747 2676 hic
771 2627 935 2695 nunquam
959 2627 1069 2687 tonat,
1097 2628 1261 2694 nunquam
1285 2605 1370 2676 saevit
1394 2604 1592 2695 tempestas;
1627 2604 1680 2676 sed
1707 2602 1810 2674 solum
1834 2604 1958 2696 semper
1981 2610 2028 2682 est
2057 2620 2114 2686 asi.

600 2703 707 2776 dum.
743 2702 897 2786 nudum,
931 2706 1076 2791 exceptis
1098 2701 1268 2773 hurninum
1294 2706 1401 2792 ripis,
1433 2723 1556 2772 tantum
1586 2705 1686 2773 noctu
1709 2698 1893 2772 observatur
1919 2701 2016 2776 Ros:
2042 2709 2112 2783 hine

599 2798 739 2868 dubitari
763 2818 830 2866 non
852 2799 985 2888 potest,
1010 2803 1088 2888 quin
1111 2800 1298 2870 constitutio
1329 2795 1387 2868 soli
1412 2819 1583 2870 concurrat
1613 2799 1654 2868 ad
1678 2793 1909 2869 Meteororum
1934 2803 2113 2879 conforma·

597 2895 743 2963 tionem:
769 2892 862 2979 sylvae
886 2894 1010 2984 semper
1034 2896 1104 2965 litat
1125 2896 1229 2984 plenae
1255 2900 1329 2965 aire
1350 2895 1511 2977 humido,
1547 2893 1677 2978 crasso,
1711 2893 1875 2966 constante
1898 2918 1940 2968 ex
1965 2903 2113 2977 arborum

598 2989 877 3064 exhalationibus,
905 3013 979 3076 qua·
1000 2990 1227 3059 adscendentes
1252 2995 1371 3061 nubem
1393 2991 1554 3075 formant,
1580 2993 1620 3060 ad
1640 3012 1736 3081 quarn
1751 2992 1821 3061 aliae
1843 2994 1969 3080 nubes,
1990 3000 2041 3069 vel
2062 3025 2113 3073 va·

600 3107 698 3175 potes
720 3086 808 3155 a'e'rei
830 3083 1009 3174 advolant,
1043 3086 1311 3180 conjunguntur,
1345 3107 1508 3156 vertuntur
1530 3092 1562 3157 in
1586 3088 1725 3175 pluviam
1745 3138 1757 3171 ,
1781 3087 1866 3159 adeo
1889 3111 1925 3157 ut
1942 3096 1998 3163 aer
2017 3097 2112 3185 sylva·

599 3203 672 3249 rtun
697 3200 790 3266 aeque
813 3181 853 3246 ab
880 3178 1147 3250 adscendentibus
1169 3204 1207 3251 ac
1229 3185 1496 3254 descendentibus
1524 3185 1635 3274 aqueis
1658 3183 1831 3275 vaporibus
1851 3185 2012 3260 humescat
2036 3195 2100 3289 (b)

647 3312 679 3409 ς.
704 3313 1017 3387 MMCCCLXlV.
1051 3318 1174 3407 Leydae
1203 3322 1284 3409 pluit
1314 3345 1372 3410 per
1401 3344 1502 3392 totum
1533 3317 1653 3393 anatim
1678 3345 1747 3394 non
1768 3343 2012 3414 mtorempore,
2041 3347 2106 3396 nec

536 3473 545 3488 ,
601 3409 767 3501 quotidie,
794 3408 928 3499 suntque
955 3417 1023 3484 dies
1050 3415 1175 3486 humidi
1199 3422 1347 3504 pennixti
1373 3421 1489 3503 siccis,
1516 3419 1636 3490 coelum
1661 3420 1808 3490 constans
1829 3441 1895 3490 non
1923 3419 1997 3505 eli,
2021 3444 2111 3493 nun·

599 3527 696 3598 quam
718 3525 805 3574 totus
825 3514 965 3578 excurrit
987 3513 1103 3576 mensis
1126 3516 1190 3596 tine
1212 3514 1337 3598 plumat
1364 3515 1547 3580 rarissimum
1571 3517 1638 3595 est,
1663 3518 1800 3604 stipatio
1817 3519 1951 3588 duarum
1967 3517 2113 3607 septima·

598 3623 711 3674 natum
735 3601 813 3671 nihil
836 3601 952 3690 pluviae
976 3607 1147 3686 ceciderit,
1175 3629 1209 3673 ut
1233 3607 1405 3691 plurimum
1425 3609 1566 3696 qualibet
1589 3608 1763 3699 septimana
1796 3612 1888 3700 pluit.
1941 3611 2010 3707 Qui
2027 3637 2112 3689 men-

465 3773 471 3784 ,
597 3701 638 3771 ils
659 3699 733 3768 anni
758 3720 992 3786 nonnunquam
1017 3723 1128 3789 parum
1157 3703 1273 3790 pluviae
1297 3703 1454 3797 collegit,
1479 3704 1548 3774 aliis
1575 3709 1665 3776 annis
1688 3708 1735 3778 est
1758 3708 1931 3781 humidus:
1959 3715 2110 3807 contigit,

557 3843 561 3850 -
597 3813 850 3883 utann0174a
878 3792 1057 3864 Decembri
1081 3798 1227 3868 nondum
1251 3797 1323 3867 duae
1346 3798 1438 3870 lineae
1454 3800 1572 3892 pluviae
1586 3803 1780 3888 ceciderint,
1806 3827 2107 3901 cumann01747.

600 3936 737 4031 delapfae
762 3938 821 4009 sint
844 3941 885 4012 81
910 3940 1023 4013 lineae:
1043 3945 1085 4013 ita
1107 3965 1194 4016 anno
1222 3966 1313 4038 1752
1340 3945 1478 4018 Octobri
1513 3967 1636 4020 tantum
1653 3952 1770 4026 cecidit
1799 3926 1882 4062 1-:·.
1909 3955 2108 4048 linplttviae,

599 4109 677 4164 eum
699 4110 788 4161 anno
814 4092 905 4183 1748
930 4092 1118 4165 ceciderunt
1143 4092 1188 4162 80
1197 4063 1252 4215 {-
1278 4092 1335 4163 lin.
1361 4091 1396 4163 dt
1420 4095 1519 4166 limile
1540 4099 1704 4172 discrimen
1726 4098 1846 4192 pluvie
1871 4105 1906 4173 in
1927 4104 1995 4173 aliis
2020 4125 2109 4174 men·

599 4240 685 4311 sibus
716 4239 891 4312 observavi.
944 4239 1031 4310 Cum
1062 4243 1189 4331 copiam
1221 4238 1338 4329 pluviae
1371 4243 1519 4332 quolibet
1553 4245 1660 4318 mense
1692 4246 1791 4337 spatio
1820 4267 2049 4338 tyrannorum
2075 4253 2110 4320 in

599 4335 932 4501 {umn1anfi·silbduxi'
956 4339 997 4409 ab
1022 4339 1109 4414 antio
1138 4357 1241 4430 1740·
1266 4337 1308 4407 ad
1335 4357 1439 4432 1757.
1464 4348 1627 4435 quantitas.
1643 4342 1760 4439 pluvie
1782 4341 1912 4438 sequens
1934 4341 1996 4416 fuit
2015 4348 2052 4416 in
2069 4345 2109 4417 li·
2170 4356 2171 4360 ’

599 4451 670 4502 neas
689 4452 735 4522 po
760 4452 830 4501 tcs.

1964 4653 2105 4747 Janrrar.

676 4831 733 4904 (a)
754 4831 857 4896 Philas
879 4839 1024 4902 Transaa.
1046 4856 1094 4904 no.
1109 4849 1179 4918 4⁸7·
1198 4862 1264 4923 pag.
1283 4856 1349 4919 ³⁶7·

602 5009 607 5016 Ι
671 4910 730 4989 (i)
750 4914 884 4992 Boupuer
900 4921 1019 4996 voyage
1038 4937 1074 4984 au
1095 4923 1191 4987 Perou
1208 4943 1274 5007 pag.
1289 4938 1377 4988 xxti.
1490 4931 1527 4992 “i
