4992 6767
510 716 604 810 περ
792 609 1373 780 nus-cuturro
1425 683 1734 774 '0.CULI.

572 886 621 958 ltu
644 900 778 975 quoque
804 882 970 974 processus
994 883 1118 956 ciliurer
1140 904 1210 956 nou
1232 881 1712 976 connascunmreumerpsulr
1726 881 1844 970 lentis,
1869 881 1925 957 sed
1951 887 2060 968 libere

524 1005 645 1058 numm
664 977 801 1051 insident
823 981 1023 1074 pendulique
1045 981 1127 1054 sunt.
1418 1067 1425 1076 Ι
1730 1021 1734 1026 -

578 1087 611 1187 ς.
636 1085 894 1164 MDCCCLX.
917 1091 964 1170 ,ln
993 1093 1095 1164 oculo
1121 1091 1396 1165 inter·Corneutn
1423 1088 1460 1164 ⁵&
1481 1089 1752 1186 corporeitate
1779 1089 1826 1160 eil
1848 1096 1944 1180 Irir,
1980 1119 2059 1190 quae

522 1188 568 1264 eil
595 1187 734 1262 annulus
759 1191 1004 1278 membraceus,
1030 1189 1097 1261 fere
1113 1190 1252 1282 planus,
1276 1211 1391 1282 perum
1407 1211 1515 1262 tumen
1532 1209 1717 1274 convexus,
1742 1209 1807 1279 que
1827 1186 1948 1278 spedirt
1965 1193 2056 1268 Cor·

522 1307 646 1375 neem,
682 1285 1063 1359 subtendens.Comeam
1088 1307 1241 1376 tanquam
1266 1287 1465 1384 segmentum
1490 1288 1639 1379 sphaerae,
1673 1288 1707 1356 in
1733 1284 1844 1356 medio
1871 1287 2054 1378 perforatus

523 1385 712 1470 sotamine,
745 1383 836 1477 quod
866 1384 1046 1477 appellatur
1075 1387 1222 1482 Pupilla.
1276 1385 1380 1457 lindis
1411 1384 1594 1476 superficies
1617 1385 1759 1454 anterior
1781 1384 1875 1454 variis
1900 1385 1944 1456 eil
1966 1393 2055 1479 pisia

521 1484 717 1557 coloribus:
751 1482 940 1573 posterior,
974 1503 1048 1574 quae
1081 1481 1274 1579 &tergum
1305 1483 1397 1554 iridis
1427 1482 1624 1575 appelatur,
1652 1481 1837 1575 „pigmento
1869 1484 1967 1579 nigro
1980 1488 2056 1560 ob·

524 1580 650 1651 ducid-

573 1674 725 1747 Annulus
748 1674 803 1748 hic
828 1680 1091 1750 membranaceus
1112 1676 1154 1749 u'd
1178 1679 1336 1750 ambitum
1354 1677 1502 1750 'Corneae
1526 1677 1670 1747 tdnexus
1685 1674 1732 1746 eii
1747 1673 1955 1762 Scleroticae,
1982 1700 2055 1752 tum

527 1769 563 1845 dt
586 1771 769 1858 Choroidi,
804 1796 872 1845 non
897 1797 1046 1846 accurate
1069 1775 1193 1868 semper
1214 1780 1248 1847 in
1271 1776 1384 1848 medio
1402 1771 1809 1869 'pertunditur-foramine,
1835 1774 2058 1870 svepupille,

516 1872 579 1943 sed
602 1870 675 1942 hec
696 1869 780 1960 sepe
803 1870 849 1941 eii
872 1876 1007 1963 propior
1031 1871 1118 1944 nuso.
1159 1915 1162 1922 ·
1688 1917 1696 1928 ·

571 1967 630 2038 Eli
652 1968 775 2058 pupilla
796 1970 830 2037 in
855 1968 988 2040 homine
1009 1970 1329 2042 naturaliterexudle
1353 1971 1505 2043 rontn'dtt.

571 2066 727 2134 Anterior
750 2063 844 2134 lridis
869 2065 1070 2157 superficies,
1096 2072 1189 2139 variis
1209 2068 1340 2164 fulgens
1364 2069 1532 2139 coloribus
1557 2065 1732 2150 ereruleis,
1755 2065 1890 2153 i'usc'is,
1930 2073 2055 2166 nigris,

522 2160 664 2257 gryseis,
689 2159 843 2251 plurimes
866 2162 963 2233 hebet
985 2165 1094 2248 strias,
1120 2164 1305 2255 serpentino
1330 2165 1430 2236 duttu
1451 2183 1789 2254 currentee,·qtmrum
1802 2165 1872 2234 eliae
1887 2166 2055 2257 majores,

524 2260 595 2328 eliae
624 2259 787 2328 tenuiores
811 2255 902 2342 sunt,
929 2257 963 2330 δι
992 2283 1065 2352 quae
1087 2261 1128 2330 ad
1150 2264 1311 2332 minorem
1334 2260 1489 2332 circulum
1512 2261 1574 2331 sve
1588 2257 1740 2352 pupillari
1749 2279 1973 2358 convergunt:
1999 2263 2052 2336 eil

524 2353 596 2426 uec
622 2351 804 2446 superficies
829 2358 865 2426 in
883 2356 1017 2427 hoinine
1039 2357 1107 2428 sere
1129 2358 1247 2450 plane,
1273 2377 1385 2448 parum
1409 2379 1576 2442 convexa,
1604 2354 1755 2428 &levin

575 2449 739 2522 Pollerior
768 2450 953 2541 superficies
977 2456 1147 2550 pigmento
1170 2458 1291 2550 nigro,
1326 2453 1459 2538 crais0,
1490 2452 1701 2526 solidiusculo'
1719 2451 1761 2524 ud
1782 2453 1880 2546 priiae
1907 2454 2048 2530 sormam

525 2548 733 2628 accedente,
775 2549 976 2621 obducitur:
1011 2553 1179 2647 nigredine
1200 2550 1336 2622 abstersa
1354 2554 1387 2623 in
1408 2550 1500 2623 leidis
1526 2569 1798 2648 tergoepparent
1819 2551 1947 2642 plurimi
1970 2556 2052 2625 redii

525 2648 624 2725 redii,
648 2642 756 2718 versus
780 2646 935 2717 annulum
962 2651 1124 2720 minorem
1142 2669 1398 2744 conuergentet,
1423 2647 1551 2741 prorsus
1569 2647 1782 2739 discrepantes
1795 2670 1815 2718 u
1829 2645 1911 2719 striis
1926 2649 2057 2742 serpen,-

526 2746 600 2814 tiuis
621 2741 715 2814 faciei
741 2747 933 2828 anterioris,
959 2748 1016 2838 qui
1041 2748 1081 2840 ub
1108 2745 1252 2818 ulteriori
1278 2767 1368 2837 perte
1389 2750 1507 2842 origini
1521 2744 1725 2836 processuum
1740 2744 1895 2816 cilietiuut
1913 2745 2058 2819 suntad·

528 2843 604 2912 nexi
626 2837 703 2910 inde
725 2840 767 2910 ad
791 2843 1156 2938 pupillum-tendentes:
1191 2844 1269 2914 radii
1292 2863 1399 2913 autem
1423 2843 1585 2933 majores,
1611 2863 1688 2913 curu
1712 2839 1753 2912 ari
1777 2853 1894 2914 zondm
1918 2845 2055 2936 pupillae

521 2957 707 3022 ¹uenerunt,
725 2940 774 3007 itu
782 2939 1026 3020 diminuuntur,
1037 2933 1088 3008 'ut
1103 2940 1454 3026 pummmembrenem
1473 2939 1518 3006 ibi
1533 2936 1692 3009 forment:
1717 2937 1790 3014 sunt'
1805 2957 1911 3010 eutem
1924 2939 2056 3038 longio-

520 3055 580 3196 ,ἷξε
602 3055 709 3195 ηὲᾒπῖἳ
724 3030 1237 3193 ignonfteriozitiridipcffipreerficaie,
1263 3031 1401 3196 ⁸⁶¹⁹(pr
1413 3033 1537 3124 pupille¹
1551 3039 1584 3105 in
1600 3056 1694 3140 tergo
1707 3035 1806 3108 Iridis
1823 3035 2055 3136 lltuuguilior:

554 3151 620 3198 lm
645 3149 665 3194 ll
710 3147 728 3193 a
778 3146 786 3190 l
823 3145 899 3192 ueru
964 3145 1018 3191 mu
1140 3146 1155 3192 S
1216 3147 1331 3195 nonnil
1356 3149 1393 3196 13.
1673 3155 1678 3166 '
1916 3157 1926 3176 '

577 3219 724 3312 Quando
746 3217 834 3285 fibrae
861 3237 1018 3285 venerunt
1040 3218 1081 3285 ad
1098 3238 1235 3302 zonam,
1261 3226 1495 3310 quaeterminut
1511 3225 1689 3319 pupilium,
1713 3229 1950 3321 in'lleiiuntur,
1975 3254 2055 3307 con·

457 3322 461 3330 '
526 3316 707 3409 junguntur
738 3332 818 3381 curn
840 3311 939 3381 eliis:
972 3333 1013 3382 ex
1038 3311 1088 3382 itis
1115 3314 1298 3407 ¹conjundiis
1313 3317 1478 3394 sonnatur
1503 3345 1588 3395 zona
1611 3325 1674 3396 sive
1695 3327 1835 3400 circulus
1861 3329 1995 3404 serratus
2019 3329 2056 3404 dt

527 3408 712 3491 flexuosus,
738 3429 807 3479 non
828 3411 1002 3481 continuus
1019 3429 1089 3482 nec
1110 3411 1254 3499 clausus,
1268 3436 1354 3487 ¹curn
1378 3417 1463 3510 sepe
1478 3421 1568 3500 ,bine
1593 3421 1683 3496 fibtae
1708 3426 1848 3520 vicine,
1873 3429 2053 3520 purullelae,

529 3507 631 3599 spatio
667 3503 850 3602 triangulari
877 3504 1061 3598 disjuediae,
1085 3530 1104 3580 a
1130 3507 1319 3584 seinvicem
1344 3513 1620 3610 secedam-quin
1645 3522 1807 3598 interdum
1829 3528 1998 3598 nonnulla·
2013 3549 2054 3600 ex

530 3603 620 3702 libris
654 3601 835 3696 majusculis
864 3623 923 3693 per
952 3603 1106 3676 annulum
1139 3605 1300 3680 minorem
1324 3611 1481 3704 pupillam
1503 3616 1609 3688 versus
1629 3622 1767 3708 produci
1789 3622 1975 3694 videantur:
2002 3625 2056 3698 lrie

533 3701 673 3776 annulus
693 3703 821 3782 minor,
846 3722 946 3792 purus
974 3700 1112 3792 semper,
1131 3701 1221 3773 nullo
1240 3705 1316 3776 velo
1330 3709 1523 3796 obducitur,
1549 3714 1603 3784 sed
1619 3715 1848 3803 tenuisbmrnr,
1870 3725 2056 3807 aranealte·

523 3799 562 3870 la
588 3797 655 3868 sere
677 3795 902 3880 subtiliorem,
935 3795 1111 3869 saturotlori
1135 3798 1249 3873 colore
1274 3805 1402 3876 tiodiem
1424 3807 1552 3880 Zonum
1575 3810 1692 3897 refert,
1721 3813 1806 3884 udeo
1827 3835 1864 3884 ut
1886 3816 1977 3888 librae
2002 3807 2059 3892 orss

531 3895 691 3966 biculares
711 3893 809 3962 nullae
831 3894 902 3964 srnt.
1186 3961 1188 3966 ,
1383 3943 1386 3948 -

583 3985 672 4060 Hinc
696 3987 785 4060 libror
814 3988 1006 4064 musculares
1023 3991 1209 4068 ‘leidis'huc
1232 4019 1336 4089 usque
1356 3997 1581 4071 demonstr-rte
1598 4023 1673 4072 non
1697 4005 1800 4086 sunt,
1824 4003 1901 4074 licet
1924 4005 2062 4084 uLuce

532 4089 652 4188 irritata
668 4085 903 4184 constringetur
919 4090 1060 4182 pupilla:
1086 4094 1118 4162 in
1134 4095 1275 4167 tenebris
1290 4095 1453 4167 dilatetur:
1479 4097 1622 4170 dilatatio
1636 4120 1742 4170 aurern
1756 4099 1802 4170 eii
1815 4101 1966 4172 naturalis
1983 4103 2061 4179 dre.

533 4184 660 4258 vide'tur
694 4185 836 4276 perdere
858 4185 899 4256 rb
922 4185 1106 4260 elaiiicitete
1122 4187 1282 4266 librarum
1306 4191 1588 4290 longitudineiium
1604 4219 1614 4265 r
1633 4187 1636 4194 ’
1652 4199 1831 4268 contraiiio
1846 4217 1955 4268 autem
1971 4222 2060 4292 prae-

532 4279 732 4358 teruntur-alis
746 4282 814 4370 eii3
841 4281 1162 4384 &quiaieircuieres
1176 4291 1211 4382 in
1232 4289 1335 4362 limbo
1360 4291 1493 4383 pupille
1514 4313 1583 4366 nou
1602 4292 1693 4380 sunt,
1713 4316 1758 4380 ‚en
1781 4317 1849 4367 non
1872 4297 2062 4391 angustatur

530 4375 677 4566 pupilllla,
703 4383 778 4472 quie
797 4375 888 4454 libre
913 4381 1164 4484 longitudimles,
1184 4387 1390 4475 relaxentur,
1411 4389 1709 4487 longioresdunt,
1735 4391 1873 4485 proinde
1899 4393 2088 4474 decrescit..

555 4495 666 4565 upra.
785 4532 790 4538 .
953 4545 955 4552 .

584 4571 666 4644 ideo
691 4576 787 4644 etiam
818 4571 876 4646 lris
900 4576 1027 4654 videtur
1051 4575 1237 4655 membrana
1251 4585 1384 4680 propriu
1406 4583 1527 4674 oculo,
1551 4583 1695 4660 distinila
1716 4607 1736 4658 u
1760 4586 1952 4678 Choroide,
1979 4610 2058 4684 que

524 4663 583 4742 ¹vel
605 4688 695 4756 non,
720 4668 771 4740 vel
786 4672 890 4746 multo
913 4677 1020 4749 minus
1042 4678 1200 4752 irritabilis
1223 4683 1281 4754 eil.

517 4807 521 4814 ·
582 4763 621 4840 ln
641 4764 770 4846 Neutlli
784 4769 925 4872 majoris
941 4773 1040 4847 oculo
1055 4797 1122 4849 non
1138 4777 1183 4850 eli
1206 4777 1349 4876 pupilia,
1374 4781 1429 4856 sed
1445 4781 1517 4880 ejus
1537 4783 1616 4864 loco
1634 4783 1680 4857 eli
1699 4784 1866 4878 foramen,
1891 4783 1983 4881 quod
1998 4783 2060 4859 rie·

531 4861 605 4937 finit
624 4867 657 4962 in
686 4865 831 4939 canalem
842 4893 856 4960 :¹
876 4871 953 4943 hinc
974 4874 1251 4972 oculussurmam
1276 4881 1423 4964 umbilici
1440 4883 1493 4956 iel
1515 4887 1604 4970 auris·
1622 4884 1731 4968 hebet

543 5043 550 5054 .
571 4959 707 5059 uupun
725 4966 763 5042 iu
785 4966 1037 5046 indutibusest
1060 4975 1198 5071 amplior
1220 4975 1319 5075 quern
1336 4981 1373 5066 ln
1396 4981 1540 5073 uduitiu',
1558 4986 1593 5058 in
1617 4983 1668 5060 his
1690 4985 1777 5059 euim
1805 4995 1879 5059 tero
1895 4982 2060 5054 diameter

1152 5111 1159 5120 .
1195 5093 1200 5100 “
1992 5099 2062 5174 pu-
