4992 6767
391 635 639 745 ‘928
957 577 1679 713 ouso'um

466 855 477 885 2
496 870 506 891 .
609 824 641 925 ς.
667 812 952 899 mmmm.
977 816 1162 890 Alexander
1178 814 1324 911 Magnus
1338 813 1468 885 iubam
1484 805 1628 880 habuisse
1643 807 1781 894 dicitur,
1793 832 1859 905 qua
1871 831 1984 890 totum
1999 840 2097 897 exer·

493 936 505 1015 2
559 929 684 1009 citum,
709 923 857 1015 quamvis
883 913 1079 1008 dispersum,
1105 911 1335 995 convocasset,
1360 908 1396 980 dr
1420 913 1464 979 ita
1483 907 1673 999 praesentem
1695 905 1834 997 stitisset.
1858 934 1898 984 ac
1913 914 1974 986 sili
2045 918 2099 993 lo,

508 997 517 1016 ⁹
558 1023 701 1119 praesens
724 1021 883 1089 allocutus
908 1011 1035 1094 fuisset,
1070 1014 1163 1104 cujus
1185 1015 1315 1079 iconem
1338 1005 1514 1077 Kircherus
1538 1003 1671 1075 exhibet
1696 1005 1790 1099 (a),
1814 1011 1873 1104 qui
1892 1009 2011 1084 deinde
2035 1016 2099 1088 215.

560 1144 661 1213 quern
694 1117 827 1187 ssmilem
855 1109 923 1182 fieri
946 1109 1088 1180 curavit:
1114 1106 1187 1196 post
1207 1104 1526 1175 Kircherum·Anno
1556 1101 1660 1195 1654.
1686 1101 1725 1174 P.
1751 1104 1840 1178 Salat
1866 1105 1939 1203 (b)
1966 1108 2096 1187 Parisiis

563 1224 597 1291 in
629 1214 702 1287 usus
726 1213 865 1283 musicos
895 1205 1027 1275 Tubarn
1056 1225 1081 1296 5
1107 1201 1228 1294 pedum
1247 1222 1324 1270 com
1345 1198 1466 1271 semille
1486 1198 1575 1271 fecit.
1624 1196 1776 1288 Verum,
1800 1204 1974 1296 postquam
1996 1207 2093 1282 Nob.

561 1310 761 1386 Morlandus
786 1307 854 1400 (c)
883 1305 1026 1372 animum
1049 1298 1090 1369 ad
1116 1296 1334 1368 emendandas
1352 1297 1410 1369 has
1432 1298 1524 1368 tubas
1548 1293 1716 1388 applicuit,
1741 1301 1815 1392 post
1837 1323 1959 1374 annum
1989 1305 2095 1399 1671.

562 1410 711 1502 inprimis
734 1409 971 1475 innotuerunt:
996 1395 1052 1465 hic
1075 1395 1226 1466 excitavit
1247 1391 1434 1476 Eruditos‚
1460 1413 1495 1464 ut
1515 1393 1673 1485 optimam
1697 1394 1863 1493 figuram,
1888 1420 1962 1492 quae
1989 1397 2098 1474 'suba

382 1516 406 1550 s
562 1504 631 1575 dari
660 1499 783 1590 poffit,
817 1492 1065 1588 investigarent:
1097 1488 1313 1562 Problematis
1336 1490 1530 1562 solutionem
1557 1488 1796 1588 Cassegrainius
1822 1493 1921 1589 (d),
1952 1495 2095 1591 conten

561 1595 718 1680 Purshal‚
742 1593 801 1664 el
823 1588 940 1664 Hastus
958 1591 1059 1685 (t),
1081 1586 1201 1678 aliique
1216 1587 1428 1658 tenturerunt.
1453 1581 1696 1683 Callegrainius
1709 1591 1837 1675 voluit,
1862 1609 1899 1663 ut
1922 1589 2001 1664 AG
2023 1596 2094 1665 aria

492 1758 495 1761 ,
562 1693 693 1779 Tubae,
719 1689 940 1762 confideretur
961 1687 1162 1781 asymptotos
1185 1681 1411 1775 Hyperbolae,
1436 1681 1545 1754 Curva
1570 1679 1839 1773 B,C.D,E,F,
1862 1685 1941 1758 effer
1966 1685 2097 1781 Hyper.

560 1791 662 1870 bola,
682 1788 813 1879 qualem
832 1786 942 1857 tubam
960 1788 1095 1855 minime
1107 1781 1283 1874 improbo,
1299 1779 1515 1870 eamdemque
1530 1779 1719 1848 sententiam
1738 1781 1833 1853 etinrn
1848 1781 1910 1854 l'uit
1925 1785 2094 1876 amplexus

561 1888 607 1959 B.
633 1883 759 1958 Martin
785 1884 878 1978 (f).
939 1880 1021 1968 Non
1046 1900 1154 1953 tamen
1179 1880 1355 1949 tentamina
1370 1880 1540 1963 hucusque
1567 1869 1764 1960 respondent
1788 1881 1955 1970 quaesto,
1991 1882 2039 1950 uti
2056 1882 2098 1953 ab

985 1969 1525 2132 u
1540 2064 2099 2145 n„

805 2095 909 2148 ‘enut
954 2096 993 2144 va
1028 2096 1047 2141 e
1888 2094 1901 2153 ς

563 2097 860 2261 meirgnertspgtiiae
887 2128 1083 2238 rellexiones
1105 2118 1222 2231 sonum,
1246 2182 1317 2231 non
1344 2160 1480 2232 reddant
1501 2160 1730 2231 indislinstumt
1761 2162 1893 2235 ierim
1921 2164 2032 2237 Tube·
2057 2181 2101 2240 ca¹

563 2270 660 2340 fuerit
681 2267 805 2360 figura,
831 2285 868 2334 ut
882 2261 982 2333 sonus
994 2276 1121 2328 tantum
1139 2271 1203 2325 uda
1220 2258 1293 2325 vice
1310 2276 1329 2324 a
1346 2257 1523 2346 parietibus
1538 2254 1733 2345 repercullm
1747 2259 1875 2343 evolet,
1898 2264 1948 2329 uti
1962 2282 2006 2330 ex
2019 2260 2097 2334 Tua

563 2366 608 2435 ba
631 2355 826 2454 parabolice
850 2357 986 2454 figurae,
1011 2353 1178 2425 dillinsius
1195 2352 1329 2441 quidem
1345 2355 1428 2433 erit,
1452 2349 1507 2421 sed
1521 2367 1634 2442 parum
1646 2351 1747 2419 tutte
1764 2353 1972 2423 inteolitatist
1994 2376 2103 2445 quum

564 2460 672 2530 multo
697 2460 802 2554 magis
824 2456 1003 2527 intenditur
1031 2452 1187 2530 terebris
1202 2445 1462 2534 reflexionibus,
1487 2446 1519 2518 se
1543 2446 1711 2520 celerrime
1729 2450 1992 2541 excipientibus,
2016 2475 2101 2546 qua-

566 2555 615 2632 les
637 2558 671 2628 in
697 2553 804 2650 Tubis
828 2550 1034 2648 longioribus
1057 2546 1151 2620 fiunt·

573 2731 581 2740 -
611 2678 943 2778 §.‘MMCGLXV.
967 2679 1164 2769 Postquam,
1184 2683 1264 2772 quid
1282 2684 1320 2754 fit
1334 2683 1433 2758 sonus
1447 2688 1481 2758 in
1496 2704 1637 2781 corpore
1650 2680 1849 2771 sonante,&
1863 2688 1900 2757 in
1915 2688 2100 2776 adremidl·

567 2798 660 2862 arus,
684 2777 845 2850 nonnulla
864 2774 949 2860 alia,
973 2796 1049 2866 quae
1068 2778 1111 2846 ab
1128 2780 1299 2872 utriusque
1311 2785 1440 2855 ustione
1453 2785 1621 2876 pendent,
1645 2783 1781 2878 intelligi
1798 2801 1964 2875 poterunt.

618 2876 691 2949 Sint
705 2875 775 2945 duo
792 2874 883 2946 nervi
898 2876 934 2945 in
950 2872 1092 2959 eodem
1115 2873 1167 2946 vel
1185 2878 1220 2947 in
1236 2880 1366 2950 duobos
1390 2902 1458 2950 non
1473 2880 1652 2951 admodum
1668 2876 1777 2949 diffitia
1793 2877 2010 2955 instrumenta
2024 2887 2099 2958 uni·

567 2972 667 3056 soni,
692 2969 844 3063 percuilo
864 2991 934 3040 uno
945 2968 1074 3040 sonabit
1088 2970 1192 3056 alter,
1218 2972 1354 3064 eJ'unque
1375 2997 1496 3047 tremor
1521 2999 1562 3047 ex
1575 2976 1726 3066 impofito
1741 2973 1893 3047 leviffimo
1905 2997 2048 3070 corpore
2063 2986 2101 3057 in

568 3069 685 3143 oculos
702 3072 855 3137 incurret.
905 3062 996 3132 Cum
1013 3065 1107 3138 enim
1133 3066 1153 3135 i
1178 3084 1338 3138 tremente
1358 3092 1460 3143 nervo
1481 3068 1540 3143 a'c‘r
1563 3073 1711 3143 ambiens
1732 3074 1766 3143 in
1783 3072 1886 3144 undas
1898 3076 2022 3163 cietur,
2050 3079 2101 3153 he

568 3167 604 3239 in
625 3163 762 3254 alterurn
782 3177 920 3231 neruum
945 3160 1134 3242 incurrunt,
1160 3180 1288 3248 quem,
1313 3166 1390 3252 quia
1414 3170 1482 3256 pari
1505 3167 1677 3239 velocitate
1700 3169 1950 3243 contremiscere
1971 3176 2094 3266 potest,

568 3256 664 3330 facile
678 3258 713 3326 in
730 3253 846 3324 fimiles
862 3272 1043 3337 tremores,
1066 3253 1119 3326 vel
1140 3254 1360 3329 oscillationes
1385 3283 1613 3335 commovent:
1639 3265 1715 3335 ideo
1739 3266 1874 3339 sonante
1897 3289 1982 3353 uno.
2005 3271 2094 3347 som

569 3355 667 3426 etiam
681 3352 779 3422 alter:
792 3345 988 3438 ,uerumrii
1005 3352 1095 3421 nervi
1111 3370 1234 3447 magno
1257 3353 1427 3430 distiterint
1450 3360 1642 3452 intervallo,
1668 3363 1766 3433 undae
1793 3364 1902 3440 aereae
1915 3365 1984 3442 sunt
2001 3371 2093 3443 ninris

570 3446 779 3532 imbecillem
804 3449 841 3518 'ut
860 3445 998 3517 alterum
1024 3466 1162 3521 nereum
1179 3467 1354 3538 moveant,
1379 3457 1436 3543 qui
1459 3454 1598 3546 proinde
1621 3456 1777 3547 quiescet.

620 3593 653 3693 ς.
678 3590 975 3669 MMCCLXVI.
1000 3592 1036 3664 Si
1057 3590 1117 3665 lint
1137 3592 1206 3665 duo
1230 3600 1321 3672 nervi
1345 3602 1380 3670 in
1404 3600 1534 3673 duobus
1556 3604 1633 3675 tensr
1657 3603 1900 3706 lustrum,
1923 3617 1976 3693 vel
1997 3620 2032 3692 in
2046 3639 2100 3694 eo-

573 3694 672 3780 dem,
697 3690 733 3763 iit
756 3694 789 3764 in
807 3691 952 3775 Onam,
979 3687 1128 3779 perculso
1150 3711 1215 3782 eo,
1240 3699 1298 3785 qui
1318 3715 1432 3768 tonum
1456 3701 1636 3772 acutiorem
1650 3703 1748 3792 edit,¹
1764 3708 1889 3786 sonabit
1909 3737 2045 3809 quoque
2058 3717 2102 3789 tl·

574 3812 644 3874 rer,
668 3790 781 3877 quiin
803 3786 915 3857 medio
932 3785 1002 3855 me
1025 3784 1238 3879 longitudinis
1260 3792 1385 3864 nodum
1406 3797 1622 3887 quiescentem
1639 3797 1792 3887 habebit,
1816 3827 1857 3880 ac
1872 3811 1896 3881 li
1907 3814 2100 3904 ponticulus

574 3887 622 3957 ibi
643 3881 766 3973 positus
786 3881 890 3964 foret3
914 3878 1020 3950 ambae
1038 3900 1147 3950 autem
1162 3888 1252 3959 nervi
1266 3907 1374 3978 partes
1389 3909 1458 3962 tum
1474 3893 1546 3966 sunt
1564 3895 1726 3986 unisonae,
1749 3921 1859 3974 natura
1881 3925 2016 3983 amante
2030 3895 2103 3985 'hat-

576 3980 723 4068 moniasr
748 3973 956 4058 observantur
976 3995 1054 4048 vero
1075 3975 1169 4068 plura
1192 3987 1514 4073 punslaintertnedia
1530 3992 1767 4084 quiescenduin
1790 4002 1918 4088 nervis,
1943 4011 2005 4094 qui
2022 4021 2115 4098 per·'

576 4073 654 4175 tulit
668 4075 768 4149 varias
782 4071 931 4146 sonarent
947 4072 1157 4159 onerassed
1169 4075 1238 4152 lroc
1244 4082 1348 4155 modo
1363 4084 1488 4158 unisoni
1505 4079 1797 4181 evadunttideo‚ss
1809 4089 1932 4170 fuerint
1947 4104 2103 4195 quinque

576 4175 668 4293 nervi
692 4171 792 4286 tensi,
818 4165 1089 4290 A7B‚C‚D‚E,'
1113 4166 1150 4242 &
1174 4183 1290 4258 nervus
1315 4179 1400 4256 Bin
1422 4184 1623 4290 duodecima¹
1641 4185 1733 4286 supra
1756 4193 1810 4284 A,
1827 4186 1869 4292 i&
1893 4193 1926 4272 C
1948 4197 1986 4269 io
2008 4199 2102 4273 deci·

2043 4318 2103 4373 ma

479 4520 485 4530 Ι
651 4450 712 4524 (ι’)
735 4449 869 4512 xirelretl
891 4448 1064 4529 litemagna
1083 4454 1173 4518 Luci·
1194 4457 1224 4517 dt
1243 4461 1349 4525 Umbr.
1369 4465 1404 4528 Ι.
1427 4470 1454 4541 7.
1475 4465 1557 4546 p.'r.
1578 4469 1649 4550 Cap.
1672 4485 1701 4547 7.
1764 4445 1771 4458 ’

524 4553 574 4566 -·
654 4527 853 4607 (llloutnal
874 4527 1070 4596 deascarant
1092 4535 1147 4596 Δο.
1169 4543 1254 4609 adra.
1275 4556 1341 4617 pag.
1366 4558 1434 4617 tas.
1519 4566 1543 4590 -·

458 4627 484 4680 r'-
536 4679 543 4684 -
656 4604 716 4680 (c)
736 4608 872 4667 Account
894 4609 932 4670 os
949 4613 998 4673 the
1019 4612 1163 4690 Spcalrlne
1181 4615 1335 4695 Trumpet.
1356 4620 1478 4697 Journal
1498 4626 1549 4692 dea
1569 4628 1694 4696 Servant
1715 4633 1772 4700 Δο.
1794 4639 1880 4717 κίκι.
1900 4650 1968 4718 ραι.
1994 4645 2043 4713 ¹6.

657 4682 719 4758 (d)
739 4684 857 4760 Journal
878 4683 930 4748 des
949 4690 1084 4751 Smrans.
1107 4692 1162 4754 Ao.
1187 4700 1275 4766 167a.
1295 4713 1362 4775 pag.
1386 4716 1452 4776 rar.

585 4774 590 4786 ·
659 4769 713 4827 (al
733 4762 861 4822 Trtciat.
883 4765 921 4824 de
947 4770 1033 4830 Tube
1053 4770 1330 4849 Stentetophonlca.

662 4837 717 4919 (s)
737 4840 852 4903 Martio
873 4844 1025 4926 Pdllolnp.
1045 4849 1155 4915 Britan.
1177 4850 1248 4915 vul.
1265 4870 1294 4934 a.
1312 4871 1379 4935 pag.
1402 4875 1470 4940 aas.
