4992 6767
611 719 1179 818 aaraamommiuiim
1208 743 1270 828 ii,
1292 718 1626 814 couoiiiuus.
1800 759 1895 868 7„

348 934 468 1009 deinde
491 927 558 1002 Sosi
583 924 619 998 dt
636 925 750 999 Vento
770 944 988 1018 exponatur,
1001 922 1122 996 coloris
1143 924 1181 996 fit
1195 922 1361 996 suavissimi
1375 921 1536 1021 Hysgini,
1560 925 1617 1018 qui
1634 920 1788 1016 perdurat
1803 927 1882 1026 (a).

395 1031 449 1103 Ex
469 1025 561 1100 smili
583 1025 722 1097 cochlea
743 1023 874 1096 succum
907 1024 1017 1094 album
1038 1022 1188 1114 expresse
1214 1021 1335 1117 Usloa‚
1362 1026 1419 1115 qui
1442 1024 1478 1095 sit
1498 1022 1634 1107 viridis,
1666 1021 1779 1115 possea
1804 1049 1882 1118 pur-

349 1149 485 1224 pureus,
511 1125 565 1195 hic
587 1148 606 1194 a
631 1143 778 1194 cotoneo
803 1121 888 1194 adeo
911 1124 1055 1205 bibitur,
1082 1141 1118 1192 ut
1145 1119 1236 1194 nullo
1261 1121 1373 1200 liiiuio
1390 1121 1459 1194 tolli
1477 1119 1570 1214 possit
1596 1120 1688 1214 (b).
1739 1123 1881 1199 Anhaec

348 1229 420 1313 est,
452 1244 551 1316 quam
583 1222 723 1292 Plancus
750 1222 879 1292 vocavit
905 1219 1088 1291 Turbinem
1113 1222 1272 1315 vitgatuni
1299 1220 1521 1307 subviridem,
1554 1218 1686 1292 costulis
1711 1218 1881 1302 latioribus

344 1324 461 1398 littoris
486 1322 626 1392 Arimini
641 1312 750 1412 '(c);
774 1320 828 1389 cui
851 1317 960 1390 saltem
984 1317 1093 1390 similis
1118 1317 1230 1390 succus
1254 1317 1346 1389 inest.

319 1471 328 1496 -.
395 1421 450 1494 Ex
473 1419 586 1498 eadem
603 1416 695 1499 causa
718 1414 928 1509 intelligitur,
954 1438 1032 1501 cur,
1052 1418 1073 1492 si
1093 1415 1330 1492 nonnullorum·
1346 1438 1522 1509 corporum
1538 1418 1740 1511 superficies,
1765 1418 1879 1494 fiae-iu

352 1518 568 1610 asperiorem,
594 1516 662 1588 five·
676 1518 711 1588 in
727 1515 895 1586 laetiorem
916 1533 1080 1598 mutetur,
1106 1514 1236 1585 asterius
1260 1535 1412 1605 appareat
1432 1515 1574 1601 coloris,
1599 1521 1675 1606 quia
1696 1537 1803 1608 partes
1822 1538 1881 1590 ex-

355 1636 498 1700 trema,
512 1616 618 1686 minus
639 1612 690 1694 vel
713 1612 817 1707 magis
838 1610 1048 1702 compressae,
1075 1612 1147 1684 sunt
1169 1614 1264 1682 variat
1290 1615 1467 1684 tenuitatis:
1495 1613 1751 1705 Chattaaspera
1775 1614 1882 1685 multo

350 1711 424 1804 plus
444 1713 531 1782 albet
553 1710 676 1802 politi:
702 1711 885 1804 Argentum
908 1710 1056 1799 asperum
1081 1711 1192 1779 eximii
1206 1707 1252 1777 est
1269 1710 1438 1796 candoris,
1462 1712 1601 1802 politum
1619 1712 1784 1807 nigrescit:
1811 1710 1883 1784 To·

350 1829 452 1900 pazus
477 1809 626 1880 Bmssius
649 1805 772 1878 coloris
800 1803 897 1889 slavi,
923 1806 1070 1879 violento
1094 1827 1206 1897 pruna
1222 1808 1290 1901 igni
1319 1809 1352 1877 in
1377 1807 1548 1879 crucibulo
1558 1837 1575 1893 ·,
1601 1811 1747 1882 cinerum
1762 1809 1882 1899 pleno,

349 1909 483 1978 vertitur
501 1910 535 1976 in
558 1908 710 1976 rubinum
732 1903 812 1975 rosei
837 1904 957 1976 coloris
985 1904 1071 1998 (d).
1120 1906 1231 1976 Areua
1258 1902 1344 1976 flava
1361 1905 1406 1976 ob
1422 1904 1541 1976 ferreas
1560 1925 1692 1997 partes,
1717 1906 1885 1980 ullulatio·

350 2024 395 2077 ne
419 2002 457 2074 sit
481 2005 585 2075 rubra.
637 1998 857 2081 Ochiaslaia
882 2003 949 2074 ulla
973 2005 1009 2074 iu
1035 2008 1112 2098 igne
1135 2000 1286 2074 rubescit.

399 2098 453 2169 Ex
479 2101 599 2170 traditis
622 2096 795 2168 observatis
819 2098 975 2194 colligere
998 2097 1115 2187 licet„
1133 2101 1308 2191 quomodo
1338 2103 1504 2196 pigmenta
1526 2100 1705 2191 composta
1728 2098 1798 2170 aliis
1823 2118 1883 2172 co·

351 2197 475 2269 loribus
497 2197 694 2280 videantur,
718 2216 814 2286 quam
842 2196 998 2285 quaelibet
1022 2218 1097 2268 ante
1118 2199 1413 2283 compassionem:
1439 2199 1476 2267 sit
1498 2201 1585 2268 eiiim
1602 2201 1804 2291 pigmentum
1820 2194 1882 2268 fla·

352 2314 428 2368 rum
456 2289 601 2362 &aliud
620 2292 830 2374 coeruleum,
861 2291 1056 2361 misceantur
1077 2295 1111 2360 in
1139 2310 1223 2376 aqua
1245 2291 1297 2359 vel
1319 2295 1352 2357 in
1379 2293 1483 2378 oleo,
1516 2293 1628 2360 colore
1658 2293 1748 2362 viridi
1777 2293 1884 2363 fucata

353 2391 747 2482 apparebuntcorpora:
783 2406 859 2455 nant
888 2388 991 2454 mixta
1021 2386 1093 2456 haec
1122 2387 1289 2480 pigmenta
1318 2384 1431 2457 massas
1461 2408 1549 2462 nuuc
1583 2386 1727 2457 efficiunt
1754 2386 1884 2459 alterius

353 2486 498 2558 crassitiei
525 2480 572 2551 dt·
586 2480 838 2572 magnitudinis,
864 2503 962 2571 quam
986 2504 1063 2554 cum
1087 2502 1179 2553 erant
1202 2482 1339 2553 secreta:
1366 2484 1444 2556 ideo
1466 2485 1624 2576 temporis
1644 2481 1733 2574 lapsu
1750 2481 1885 2554 crassitie

354 2579 524 2659 massarum
548 2578 760 2645 mutationem
785 2575 970 2660 subeunte,
995 2579 1089 2647 color
1108 2580 1204 2647 etiam
1228 2599 1400 2667 mutatur,
1434 2582 1531 2673 quale
1556 2581 1669 2672 saepius
1694 2582 1823 2654 ‘evenire
1849 2582 1885 2658 iu

358 2678 465 2747 tinslis
489 2672 703 2754 vestimentis,
729 2691 795 2742 tum
821 2675 854 2742 in
878 2675 972 2764 pislis
999 2673 1113 2744 tabulis
1139 2678 1368 2765 comperimus.
1655 2677 1658 2682 ’

407 2770 528 2841 Evenit
554 2766 714 2838 interdum
736 2788 772 2837 ut
799 2768 949 2851 colores,
974 2771 1172 2840 naturalibus
1193 2768 1335 2854 similes,
1356 2776 1558 2856 orianturex
1572 2773 1702 2844 duobus
1717 2772 1896 2844 coloribus

354 2866 650 2957 componentibns,
673 2866 728 2950 qui
743 2865 834 2932 ¹terni
848 2863 878 2932 se
896 2866 1063 2955 excipiunt
1085 2887 1128 2936 eo
1145 2863 1347 2951 ordine‚ac
1365 2873 1518 2962 prismate
1541 2868 1648 2939 radius
1673 2868 1746 2939 solis
1768 2870 1803 2937 in
1828 2888 1898 2938 coe*

356 2964 444 3036 lares
468 2959 727 3030 secemituraita
743 2960 840 3034 ruber
862 2955 897 3031 du
922 2957 1030 3031 flavus
1044 2959 1167 3034 faciunt
1189 2966 1381 3036 durantium.
1430 2966 1550 3039 slavus
1572 2962 1607 3037 dc
1631 2964 1794 3038 coeruleus
1818 2963 1886 3036 effi·

354 3060 445 3131 ciunt
469 3053 620 3127 viridemr

404 3154 470 3227 Sed
498 3153 563 3222 hoc
593 3174 663 3224 noti
689 3147 812 3245 semper
844 3153 1053 3225 observatur:
1084 3174 1160 3224 nain
1185 3152 1362 3224 Aur-antius
1386 3151 1421 3226 dt
1445 3151 1568 3229 Viridis
1590 3178 1660 3230 non
1683 3155 1805 3227 faciunt
1824 3154 1887 3229 sla·

355 3275 459 3327 vuiti.»
494 3247 614 3320 Viridis
651 3246 685 3319 δι
720 3249 905 3342 Purpureus
939 3272 1009 3321 nori
1037 3247 1160 3322 saciunt
1191 3249 1382 3322 coeruleum.
1443 3251 1620 3324 Caeruleus
1651 3249 1900 3324 &violaceus¹

359 3373 427 3424 non
450 3350 571 3419 faciunt
591 3368 799 3440 purpureum.
850 3346 1022 3442 Quoniam
1043 3349 1276 3440 componentia
1299 3369 1367 3419 uon
1391 3348 1579 3443 producunt
1603 3370 1674 3422 cam
1698 3348 1886 3441 crassitiem,

359 3449 461 3542 qualis
486 3444 613 3517 necesse
638 3444 683 3512 est
708 3464 768 3535 pro
794 3442 959 3514 coloribus
983 3443 1192 3515 intermediis.

408 3570 438 3665 s.
463 3562 782 3637 thCCCXLlV.
815 3563 849 3630 Si
873 3582 994 3652 corpus
1016 3563 1051 3628 in
1072 3560 1234 3631 menslruo
1257 3562 1354 3631 suerit
1379 3561 1543 3646 salutum,
1573 3566 1672 3655 idque
1701 3567 1883 3640 coloratum
1982 3531 1999 3562 ἱ

361 3668 525 3745 evaserit,
565 3682 670 3754 parter
706 3678 814 3728 autem
842 3657 1012 3727 solutionis
1048 3654 1108 3725 sint
1147 3677 1311 3749 perparva>
1343 3658 1477 3748 aequalis
1504 3660 1571 3730 fere
1597 3664 1825 3756 magnitudinis
1846 3687 1886 3736 ac

362 3763 527 3842 crassitiei,
554 3780 621 3827 tum
646 3762 679 3828 iii
700 3760 800 3827 vitrea
823 3753 859 3824 sit
880 3751 1004 3846 phiala,
1031 3751 1227 3845 pellucebit,
1253 3753 1399 3842 nihilque
1421 3757 1511 3845 quod
1532 3755 1633 3829 visum
1656 3757 1755 3843 serit,
1788 3763 1887 3830 inter·

363 3860 534 3940 noscetur,
558 3854 678 3925 coloris
699 3851 842 3944 ejusdem
865 3850 1030 3942 apparebit
1052 3846 1170 3917 solutio
1186 3848 1388 3942 Spessatoti,
1414 3854 1470 3941 qui
1493 3854 1581 3923 oculi
1597 3857 1701 3925 aciem
1721 3857 1755 3925 in
1772 3875 1886 3930 rotuti·

297 3993 303 4004 ·
361 3960 440 4028 dum
472 3957 555 4025 circa
584 3950 722 4044 phialam
751 3949 907 4027 verterit,
932 3944 1027 4015 radiis
1049 3941 1149 4015 Lucis
1172 3944 1319 4037 ejusdem
1345 3948 1467 4019 coloris
1498 3951 1733 4024 transeuntibus
1757 3973 1825 4024 tum
1845 3951 1881 4024 dt

359 4055 492 4126 redditis
516 4052 557 4119 ab
578 4048 730 4118 omnibus
757 4046 900 4137 partibus
922 4041 1106 4113 Tinctum:
1129 4041 1162 4111 si-
1176 4064 1285 4112 autein
1309 4042 1426 4113 solutio
1451 4046 1488 4113 sit
1510 4047 1710 4136 aliquantum
1734 4053 1883 4137 turbida,

359 4153 568 4246 partibusque
594 4146 770 4217 constiterit
796 4141 931 4213 diversae.
950 4138 1116 4221 crassitiei,
1141 4138 1390 4231 pelluciditatis,
1416 4139 1549 4233 sigurae,
1574 4147 1730 4227 taritatis;
1755 4147 1901 4220 alterius-

363 4248 482 4319 coloris
505 4249 539 4315 iti
560 4243 666 4338 phiala
688 4264 755 4335 ope
779 4238 908 4309 reslexae
932 4259 1030 4328 quam
1053 4234 1235 4306 transmissae
1258 4236 1339 4306 lucis
1354 4236 1526 4309 videbitur.
1578 4237 1615 4308 ld
1633 4239 1798 4309 clarissime
1815 4261 1885 4313 cer·

364 4348 450 4417 nitur
476 4347 509 4413 in
537 4341 641 4413 infuso
664 4339 764 4436 Ligus
788 4334 973 4430 Nephritici
1005 4335 1040 4403 in
1072 4354 1155 4423 aqua
1171 4382 1198 4417 ,-
1222 4333 1314 4425 quod
1343 4356 1413 4406 non
1435 4334 1610 4407 admodum
1637 4336 1673 4406 sit
1696 4340 1886 4428 antiquum,

364 4440 517 4514 vetustate
541 4443 628 4510 enim
651 4439 788 4530 qualitas
809 4434 967 4505 minuitur
987 4429 1037 4502 ves
1061 4433 1166 4523 perit:
1193 4430 1293 4503 filux
1317 4433 1389 4527 post
1412 4451 1537 4530 tergum
1558 4433 1743 4530 spectatoris
1768 4436 1885 4510 adveu-

363 4557 434 4618 eins
455 4541 488 4620 in
509 4538 596 4608 hanc
617 4537 789 4606 riduaram
812 4534 846 4603 in
865 4551 991 4602 mmera
1013 4527 1162 4600 inciderit
1183 4526 1219 4601 ἃ
1242 4532 1328 4604 reda
1353 4531 1395 4605 ad
1415 4532 1550 4607 oculum
1571 4533 1752 4623 reddatur,
1783 4556 1888 4627 opaca

1788 4652 1888 4731 ‘Pver

441 4758 498 4836 (a)
519 4757 636 4835 Journal
655 4756 705 4815 des
725 4759 849 4835 Spatana
872 4756 927 4814 Δο.
948 4754 1034 4816 1686,
1055 4768 1119 4829 pag·
1143 4758 1212 4828 256.

440 4840 499 4913 (li)
519 4839 642 4909 voyage
662 4853 697 4893 au
719 4837 814 4897 Perou
836 4836 901 4895 Liv.
924 4851 952 4906 a.
976 4832 1067 4910 Chap.
1091 4837 1119 4894 8.
1142 4849 1207 4908 pag.
1232 4842 1301 4906 1ς4.

441 4922 498 4993 (a)
521 4918 553 4974 sn
576 4915 666 4973 Libra
689 4914 726 4973 de
749 4917 876 4975 conchis
897 4916 990 4976 miuus
1013 4913 1185 4989 notiacm.
1208 4929 1256 4974 ea.

458 4994 499 5074 d)
519 4990 687 5060 u’uiitone
701 4992 740 5059 de
754 4994 867 5064 suaa
886 4998 968 5082 Rog-
982 4996 1047 5087 idai,
1060 5004 1148 5071 aresi
1169 5010 1235 5067 m·
1256 5003 1307 5063 51·

1094 5081 1169 5163 ¹Bh
1195 5085 1248 5180 bb
1272 5085 1295 5159 b
1321 5105 1360 5172 ej-
1486 5161 1493 5176 ,
