4992 6767
792 673 1518 770 raa-'neum
1836 684 1918 802 rur

661 967 799 1056 Naida
826 993 873 1052 ex
897 990 1017 1075 regno
1044 965 1156 1080 foffllr‘
1187 976 1408 1060 maminoto
1434 976 1512 1060 haec
1527 975 1636 1086 flent.

451 1200 499 1256 1⁰.
524 1183 621 1274 Aqua
635 1178 743 1271 pluvia
758 1176 893 1249 multum
907 1177 994 1249 asris
1010 1177 1196 1266 concludit,
1221 1185 1328 1276 tepida
1349 1206 1425 1257 eum
1439 1184 1563 1257 facilius
1579 1185 1683 1272 laxat,
1707 1180 1846 1257 laxatum
1860 1199 1920 1260 ex-'

399 1281 514 1375 pellit,
537 1280 717 1368 ebullitque
741 1277 775 1347 in
800 1296 905 1346 vacuo
930 1274 1027 1346 bullis
1049 1276 1159 1348 multis
1184 1285 1396 1376 magnisque,
1422 1304 1495 1372 quae
1522 1282 1695 1373 aliquando
1721 1282 1858 1355 multum
1882 1305 1919 1356 a·

401 1401 476 1471 quae
501 1381 724 1544 cumstiampetu
746 1371 895 1462 elevant,
921 1367 957 1441 δι
980 1393 1021 1443 ex
1043 1375 1115 1446 vase
1138 1374 1356 1466 ejaculantur,
1380 1383 1542 1470 praecipue
1566 1379 1589 1448 fi
1611 1400 1695 1472 aqua
1719 1396 1826 1470 tepeat
1850 1381 1919 1455 sau·

429 1496 510 1546 urnrs
539 1498 570 1545 m
618 1497 644 1546 r.

404 1497 428 1571 g
456 1579 510 1644 2⁰.
539 1573 654 1644 Muria
674 1571 770 1640 etiam
794 1567 933 1638 multum
959 1571 1045 1640 a'e'ris
1064 1570 1166 1652 inest,
1192 1569 1227 1643 dr
1251 1576 1285 1642 in
1307 1593 1411 1644 vacuo
1432 1573 1597 1670 inigniter
1611 1572 1749 1657 ebullit,
1774 1580 1922 1663 quamvis

404 1689 445 1836 {a
468 1668 529 1739 sale
550 1671 698 1753 marino,
719 1665 812 1758 quod
832 1685 915 1755 aqua
939 1664 1026 1737 ae'ris
1046 1685 1178 1755 experte
1201 1669 1356 1759 injectum
1373 1669 1439 1754 est,
1464 1691 1533 1742 non
1557 1670 1695 1740 multum
1721 1670 1808 1741 a'e'ris
1832 1673 1925 1742 exire

417 1764 516 1836 oleat.

457 1882 507 1954 3⁰.
533 1861 693 1935 Lixivium
720 1859 800 1934 Salis
825 1858 956 1938 Tartari¹
974 1862 1027 1930 vix
1041 1857 1163 1950 aliquid
1178 1864 1261 1934 airis
1277 1865 1443 1944 continet,
1468 1883 1524 1934 aut
1539 1863 1701 1948 demittit,
1726 1885 1839 1956 paucae
1854 1867 1925 1950 etri-¹

403 1956 524 2031 liffimae
550 1961 681 2031 bullulae
706 1957 878 2029 hincinde
905 1976 1114 2048 comparent,
1141 1981 1214 2050 quae
1237 1961 1290 2030 vix
1313 1957 1420 2028 sedem
1444 1961 1643 2048 relinquunt.

453 2075 503 2146 4⁰.
531 2056 714 2127 Petroleum
741 2054 787 2126 est
809 2056 896 2127 a‘e'ris
911 2054 1067 2146 plenum,
1092 2057 1125 2126 in
1145 2076 1249 2128 vacuo
1273 2054 1433 2128 violenter
1456 2057 1498 2126 ab
1523 2057 1598 2125 aire
1617 2074 1758 2126 exeunte
1787 2056 1925 2145 ebullit,

403 2150 601 2243 spumatque.

449 2259 499 2337 5⁰.
524 2249 660 2340 Spiritus
674 2247 761 2320 Nitri
775 2272 853 2321 cum
869 2252 952 2320 bolo
966 2252 1069 2319 satius
1084 2270 1154 2318 non
1169 2246 1310 2317 multum
1322 2249 1410 2318 aeris
1425 2251 1592 2331 continet,
1608 2268 1721 2336 parum
1736 2247 1929 2336 spumescit,

396 2345 431 2416 in
456 2367 584 2426 vacuo,
610 2366 718 2412 tamen
743 2345 852 2412 aerem
875 2341 1002 2429 exspuit
1016 2360 1161 2410 omnem.

452 2440 504 2509 6⁰.
530 2439 666 2527 Spiritus
689 2435 773 2506 Salis
795 2438 991 2506 ammoniaci
1015 2438 1069 2506 vix
1091 2438 1211 2526 aliquid
1236 2439 1323 2510 aeris
1348 2440 1525 2521 continet,
1559 2435 1595 2509 dt
1619 2441 1652 2509 in
1676 2460 1782 2509 vacuo
1805 2463 1928 2529 paucas

404 2539 540 2628 exiguas
554 2532 659 2602 bullas
678 2531 791 2603 aEteas
813 2531 956 2623 exspuitr
980 2532 1027 2602 est
1041 2553 1148 2606 aurern
1163 2538 1362 2628 compofitus
1384 2557 1426 2607 etr
1441 2537 1557 2626 Aqua,
1583 2536 1656 2607 Sale
1682 2538 1928 2626 Ammoniaco,

405 2627 441 2701 &
465 2631 640 2699 Cineribus
665 2628 849 2700 clavellatis.

455 2733 509 2819 70·
536 2726 778 2894 SpiritusdlSalis
801 2729 936 2812 marini,
962 2751 1090 2818 parvam
1108 2751 1241 2820 quoque
1261 2733 1344 2802 aeris
1358 2736 1490 2819 copiam
1505 2730 1751 2820 compledlitur,
1777 2751 1931 2803 aureum

404 2845 439 2895 m
463 2844 569 2895 vacuo
593 2843 645 2892 vrrr
704 2843 812 2894 mrttrt.

454 2921 504 2989 8⁰.
530 2920 667 3006 Spiritus
689 2920 806 2990 vitrioli
819 2923 854 2990 in
870 2941 974 2990 vacuo
988 2926 1042 2990 vix
1056 2920 1179 3011 aliquid
1192 2923 1275 2993 adris
1298 2922 1505 3013 sperandum
1530 2921 1678 3010 praebet,
1701 2917 1756 2987 sed
1774 2925 1929 3014 exiguam
2036 2975 2040 2983 .

396 3031 636 3108 parvarumque
662 3013 856 3083 bullularum
881 3016 1037 3102 spumam.

451 3132 503 3202 9⁰·
529 3108 651 3179 Oleum
668 3107 787 3180 vitrioli
808 3107 937 3204 colligis
952 3113 986 3180 in
1012 3132 1116 3182 racuo
1138 3114 1262 3204 aliquid
1286 3115 1369 3183 airis
1391 3116 1424 3182 in
1446 3112 1593 3202 suprema
1616 3109 1807 3198 superficie,
1832 3113 1924 3203 quod

403 3209 548 3300 spumam
573 3207 769 3288 aemulatur,
799 3204 889 3298 cujus
914 3204 1011 3278 bullae
1035 3227 1079 3279 eo
1103 3207 1177 3298 plus
1207 3207 1414 3295 increscunt,
1440 3230 1509 3299 quo
1531 3207 1651 3277 diutius
1677 3207 1711 3275 in
1736 3228 1840 3278 vacuo
1865 3209 1928 3295 lle·⁴

403 3325 486 3377 terrt.

458 3426 529 3476 10⁰.
554 3405 651 3498 Aqua
677 3404 768 3475 sortis
786 3405 841 3474 vix
865 3402 988 3493 aliquid
1013 3405 1098 3476 aie'ris
1120 3402 1327 3496 spediandum
1353 3402 1477 3493 praebet
1499 3404 1533 3472 in
1547 3422 1670 3490 vacuo,
1697 3399 1790 3494 quod
1808 3402 1865 3473 sub
1881 3421 1931 3474 te·

404 3502 618 3573 nuilsrmarum
641 3503 801 3568 brrllarum
822 3501 929 3567 sorma
944 3499 1117 3568 adscendit.
1904 3523 1907 3528 ·

464 3616 537 3665 rra.
562 3596 777 3677 Mercurius,
798 3593 856 3661 nisr
883 3591 1092 3662 uehementer
1118 3595 1246 3679 caleat,
1271 3600 1324 3666 vix
1347 3597 1455 3664 adrem
1483 3593 1632 3683 exspuit3
1658 3597 1733 3681 quia
1754 3596 1823 3663 fere
1850 3596 1932 3669 nihil

404 3696 509 3783 capit:
535 3695 693 3786 agitatus,
718 3708 753 3758 ut
775 3689 835 3760 adr
851 3688 965 3756 melius
981 3688 1174 3759 adscendere
1190 3690 1304 3781 possir,
1328 3695 1457 3776 adrem,
1481 3692 1536 3780 qui
1556 3691 1626 3760 vitri
1650 3688 1927 3761 lateribusobhae·

403 3792 514 3870 rescit,
541 3788 598 3858 sub
616 3785 787 3877 sparserunt
804 3784 963 3854 bullarum
975 3783 1079 3854 forma
1093 3787 1242 3876 dimittit,
1270 3808 1378 3857 uerum
1395 3788 1484 3858 omni
1503 3788 1603 3870 aste,
1620 3779 1655 3856 ἃ
1673 3783 1811 3856 humore
1828 3786 1927 3870 orbar-⁴

406 3908 475 3974 tur,
502 3885 524 3955 fi
550 3877 784 3955 mercurius&
808 3879 942 3976 lagena,
966 3882 1001 3950 in
1023 3883 1107 3952 vitro
1134 3904 1153 3951 a
1177 3879 1306 3953 subdito
1329 3884 1406 3978 igne
1422 3882 1594 3954 ebullierit.

458 4047 491 4137 ς.
525 4039 784 4116 MMCLXVI.
819 4037 878 4110 Est
907 4042 967 4114 a'e'r
987 4040 1164 4114 admodum
1188 4042 1381 4115 necessarius
1403 4043 1593 4126 animalibus
1626 4045 1799 4135 plurimis,
1832 4068 1925 4118 more

403 4148 546 4216 humano
568 4139 822 4231 respirantibus,
849 4158 924 4208 nam
947 4139 1019 4208 haec
1040 4161 1060 4208 a
1089 4139 1261 4230 spiratione
1284 4143 1367 4210 airis
1389 4140 1603 4210 sustinentur:
1639 4141 1761 4211 idcirco
1777 4142 1925 4212 animalia

406 4239 524 4312 inclusa
545 4241 732 4329 recipienti,
758 4257 800 4308 ex
815 4256 884 4328 quo
906 4236 964 4308 ae'r
984 4235 1147 4321 hauritur,
1171 4235 1324 4328 respirare
1347 4236 1484 4327 amplius
1509 4255 1698 4330 nequeunt,
1723 4257 1785 4306 nec
1811 4255 1927 4308 eorum

406 4339 577 4432 pulmones
600 4335 826 4426 explicantur,
852 4331 906 4404 sed
929 4332 962 4402 hi
979 4332 1046 4432 jam
1063 4332 1121 4402 srbi
1141 4334 1297 4404 commisii
1312 4333 1443 4426 proprii
1460 4335 1491 4404 vi
1507 4334 1687 4404 contradiili
1711 4333 1743 4403 se
1768 4331 1927 4404 constrin-

432 4457 509 4525 unt,
533 4431 604 4504 vasa
618 4433 789 4528 sanguinea
806 4431 1045 4522 comprimunt,
1070 4432 1115 4528 ita
1136 4451 1175 4501 ur
1191 4430 1319 4525 sanguis
1332 4452 1400 4501 non
1415 4429 1554 4522 amplius
1570 4430 1744 4522 pulmones
1760 4447 1924 4520 permeet,

407 4457 463 4604 sed
480 4530 618 4614 srstatur,
631 4551 692 4599 nec
706 4552 748 4601 err
765 4529 873 4600 cordis
890 4550 971 4600 cavo
988 4531 1103 4599 dextro
1121 4531 1153 4597 in
1170 4527 1326 4599 srnistrum
1344 4527 1464 4621 trajici,
1478 4549 1539 4600 ncc
1553 4550 1594 4598 err
1613 4550 1694 4601 cavo
1709 4525 1831 4597 finillro
1849 4549 1925 4616 pro·

407 4625 488 4718 pelli
514 4645 572 4714 per
587 4625 765 4696 universum
787 4648 908 4716 corpus
930 4626 1048 4717 polsrt:
1073 4624 1198 4698 sublato
1222 4626 1382 4722 sanguinis
1401 4625 1547 4710 circulo,
1572 4627 1615 4696 de
1636 4626 1690 4696 illa
1714 4627 1777 4698 vita
1803 4627 1924 4696 anima-

409 4724 471 4803 lis,
497 4743 569 4811 quae
597 4722 618 4792 i
642 4723 849 4793 circulatione
863 4723 1023 4820 sanguinis
1037 4723 1179 4816 pendet,
1204 4727 1310 4795 aiiurn
1333 4724 1395 4794 est:
1421 4722 1562 4796 volatilia
1585 4723 1725 4817 majora,
1750 4717 1839 4796 ut&
1863 4744 1922 4794 ter·

410 4817 519 4891 restria
543 4818 690 4887 animalia
714 4819 842 4905 adulta,
863 4819 1034 4912 hucusque
1056 4822 1241 4913 explorata,
1269 4822 1341 4893 satis
1362 4825 1429 4894 cito
1454 4825 1488 4892 in
1508 4843 1612 4893 vacuo
1627 4825 1830 4908 moriuntur,
1857 4837 1923 4890 non

413 4934 525 4991 nmen
545 4913 694 4991 animalia
712 4934 826 4993 recens
850 4938 943 5018 aaa,
967 4941 1045 4998 nam
1064 4917 1164 5012 seles,
1183 4921 1266 5093 qest
1288 4921 1365 4998 odio
1389 4919 1921 5024 diebuspollnatiritateurs,1¹⁰ss

1223 5038 1247 5090 x
1269 5025 1321 5094 xri
1345 5039 1367 5088 x
1850 5026 1924 5089 mo:
