4992 6767
408 603 425 670 ³
498 587 502 602 ·-
589 665 1161 765 nniuANGmninATE
1187 691 1255 759 ts·
1272 668 1659 805 COLORIBU&¹¹
1775 687 1868 788 727,
1938 593 1941 598 Δ

335 872 392 945 len
415 868 543 959 Indico,
568 871 701 964 ptiust
726 891 838 964 panno
861 886 984 963 epoto,
1009 866 1127 942 deinde
1151 887 1273 962 operto
1291 868 1345 941 vel
1369 866 1508 942 denfinri
1529 869 1581 942 vel
1602 867 1745 942 dilutiori
1762 874 1863 946 coln«

334 987 372 1041 re
395 968 562 1054 caeruleo,
594 967 777 1041 violaceum
802 989 858 1040 aut
887 988 1084 1062 purpureum
1106 966 1311 1062 producunt:
1336 964 1443 1039 sedhi
1467 967 1641 1061 compodti
1661 967 1791 1039 colores
1805 988 1856 1041 tn-

337 1085 374 1138 to
394 1065 480 1136 coelo
501 1062 658 1148 diffmunt
690 1066 710 1136 i
732 1064 866 1137 naturali
886 1063 1006 1150 viridi,
1039 1068 1212 1151 aur-antio,
1251 1063 1422 1149 violaceo,
1445 1084 1502 1138 aut
1527 1084 1693 1159 purpureo
1720 1066 1856 1154 colore,

335 1164 382 1234 uti
401 1161 525 1254 patebit
547 1164 702 1255 prismate
720 1164 857 1234 intuenti
877 1161 940 1232 hos
964 1160 1164 1253 compofitos
1182 1160 1407 1234 &naturales
1446 1161 1717 1236 Pretereacolnr
1740 1183 1856 1235 auran·

334 1260 396 1336 tius
420 1278 592 1352 permeans
615 1257 762 1331 foramen
781 1260 957 1331 rotundum
981 1258 1106 1330 labatur
1127 1260 1161 1331 in
1186 1261 1357 1346 chartam3
1391 1257 1461 1353 ejus
1487 1262 1597 1357 imago
1622 1258 1692 1332 solo
1716 1260 1859 1351 inspecta

333 1354 455 1438 oculo,
479 1357 533 1429 vel
553 1377 639 1430 trans
660 1360 803 1450 prisma,
835 1357 1002 1449 apparabit
1025 1356 1175 1429 rotunda.
1232 1356 1358 1428 Verum
1382 1377 1440 1448 per
1465 1355 1677 1430 doounersa
1697 1355 1862 1430 foramina

332 1451 473 1523 mnmda
497 1458 724 1526 transmittitur
745 1453 822 1539 lux,
847 1474 907 1546 per
931 1473 1031 1523 unum
1053 1452 1161 1526 radius
1182 1451 1397 1546 flavus,.per-
1414 1452 1550 1526 alterum
1571 1455 1710 1541 rubeus,
1735 1450 1856 1526 &am-

334 1548 382 1618 bo
404 1547 497 1640 super
521 1548 552 1620 se
573 1551 689 1624 cadant
712 1555 746 1623 in
770 1550 907 1622 eandem
937 1548 1101 1637 mutam,
1126 1549 1221 1622 color
1235 1552 1398 1624 aurantius
1412 1547 1685 1642 aliquantium,
1708 1549 1762 1622 hic
1775 1554 1858 1642 pris-

337 1663 423 1714 mate
442 1645 601 1736 inspeilus
623 1651 797 1745 imaginem
818 1646 998 1741 oblongam
1021 1646 1153 1720 exhibet
1168 1694 1189 1739 ,.
1214 1648 1315 1718 rubro
1344 1645 1459 1719 colore
1481 1645 1688 1738 aliquantum
1706 1667 1747 1718 ex
1766 1644 1859 1720 flavo

336 1759 601 1834 exeuntesque
622 1745 743 1817 diversa
762 1742 1006 1839 reirangibilitas
1025 1743 1146 1837 probat
1160 1792 1185 1830 ,.
1204 1743 1423 1835 compoitum
1445 1743 1595 1818 colorem
1618 1744 1812 1818 Aumatium
1836 1741 1863 1817 i

336 1837 471 1909 naturali
497 1839 630 1933 iimplici
656 1840 795 1913 differre.
1894 1859 1902 1878 ⁴

386 1977 429 2075 ἦ..
444 1977 720 2053 MDCCCXVI.
752 1975 990 2078 'Quamobrem
1010 1976 1162 2049 diversus>
1172 1994 1310 2061 motus,
1342 1992 1404 2046 aut
1418 1978 1546 2072 min
1569 1975 1764 2073 lingularum
1787 2000 1863 2071 par·
1980 1968 1989 2024 ¹,

336 2075 417 2147 tium
443 2074 549 2149 Lucis·
568 2099 609 2149 ex
630 2076 820 2152 resramone
840 2076 998 2159 oriunda,
1022 2097 1092 2146 non
1118 2073 1164 2145 eli
1180 2073 1275 2144 causa
1288 2070 1484 2145 diversorum
1499 2073 1670 2159 colorums
1694 2096 1769 2148 nam
1788 2076 1862 2149 bec

377 2175 459 2243 ratio
489 2191 700 2255 mutaretur-·‚.
722 2173 853 2245 imulac
881 2171 980 2243 altera
1004 2174 1074 2242 vice
1099 2169 1158 2240 lux
1172 2169 1389 2263 refringatur,
1421 2168 1635 2254 relleiiatut,
1666 2172 1861 2269 colligatur,

332 2271 527 2358 lepareturs·
546 2270 698 2359 adeoque
732 2289 774 2340 ex
805 2268 908 2337 radio
927 2266 1078 2339 colorato
1110 2267 1228 2334 iterum
1255 2264 1522 2335 diversicolores
1548 2270 1732 2354 orirentur,
1767 2268 1860 2358 quod

331 2384 498 2455 nunquam
520 2364 578 2435 fita.
621 2365 749 2435 Eorum
777 2361 899 2431 fabrica
926 2361 1067 2449 propria
1085 2358 1225 2447 proinde
1254 2354 1362 2441 iacit,
1393 2374 1430 2427 ut
1451 2356 1485 2428 hl
1509 2356 1604 2449 hujus
1627 2360 1776 2445 coloris,
1807 2362 1866 2431 alii

333 2459 463 2531 alterius
487 2460 592 2528 ideam
614 2462 649 2528 in
675 2476 786 2527 mente
807 2459 968 2525 excitentt
993 2471 1145 2524 manente
1172 2450 1372 2550 fingulorum
1395 2449 1517 2525 fabrici
1542 2453 1685 2547 eidem,
1711 2456 1863 2529 constan·

333 2574 381 2625 ter
403 2553 543 2643 quilibet
562 2551 872 2623 eundern-colorem
886 2548 1145 2641 repraesentabit..
1168 2548 1330 2623 Nouatum
1344 2570 1423 2622 vero
1442 2548 1497 2621 hic
1511 2550 1630 2637 velim,
1654 2573 1729 2623 curn
1744 2553 1787 2625 de
1802 2573 1862 2627 co·

334 2650 407 2718 lore
429 2646 593 2717 radiorum
615 2646 735 2737 loquor
743 2674 759 2735 ·,
784 2667 839 2717 me
869 2667 938 2717 non
961 2646 1088 2736 opinari
1107 2645 1268 2738 ejusmodi
1290 2644 1422 2717 colores
1444 2646 1539 2718 radiis
1569 2646 1697 2737 inesse,
1730 2650 1785 2721 sed
1808 2670 1860 2723 ra-

335 2744 409 2814 dios
431 2741 553 2813 habere
578 2761 704 2814 tantum
725 2743 907 2836 potentiam
935 2739 1099 2832 quandam
1125 2744 1169 2812 ita
1194 2739 1347 2812 movendi
1370 2762 1486 2812 nervos
1508 2744 1705 2829 oculorum,
1740 2766 1777 2816 ut
1796 2746 1859 2817 ho·

335 2859 410 2910 rum
434 2858 542 2908 motus
565 2842 601 2907 in
625 2856 736 2909 mente
754 2838 861 2907 ideam
885 2837 1037 2908 colorum
1057 2839 1194 2922 excitet,
1220 2835 1301 2907 nihil
1321 2837 1409 2908 enim
1432 2857 1609 2909 commune
1629 2840 1675 2911 est
1691 2843 1861 2912 intermo-

337 2952 406 3004 tum
423 2932 526 3017 radii,
552 2929 854 3023 &perceptionem
876 2933 1062 3001 ln-mente:
1088 2953 1172 3019 quos
1194 2934 1302 3003 radios
1326 2932 1399 3003 idea
1415 2934 1503 3004 rubri
1526 2935 1647 3006 coloris
1669 2940 1870 3023 comitatur,

334 3028 388 3101 rel
413 3028 486 3119 poll
503 3027 624 3099 horum
642 3030 868 3119 operationem
892 3028 996 3097 menti
1020 3024 1168 3115 praesens
1179 3026 1247 3110 est,
1273 3024 1390 3096 rubros
1411 3027 1590 3117 appellavi:
1613 3034 1682 3121 pari
1698 3035 1796 3123 pado
1810 3029 1862 3105 te·

333 3124 443 3216 liquos
469 3123 601 3210 flavos,
631 3123 774 3209 virides,
809 3122 974 3196 violaceos
1002 3116 1069 3191 &e
1099 3142 1139 3193 ae
1170 3120 1194 3191 fi
1229 3140 1341 3193 revera
1371 3120 1565 3195 bicolores
1582 3124 1679 3199 radiis
1704 3127 1867 3215 inellent,

338 3221 414 3313 quia
434 3222 636 3293 intuentibus
659 3224 702 3293 ita
726 3220 807 3292 radii
830 3238 998 3312 apparent.
1878 3243 1885 3250 ··

385 3315 577 3389 Veroimile
598 3317 666 3404 est,
687 3335 830 3388 mentem
849 3315 1016 3387 eomodo
1038 3317 1073 3388 in
1093 3314 1283 3386 hominibus
1296 3334 1373 3386 cum
1395 3333 1536 3407 corpore
1558 3314 1623 3388 effe
1651 3318 1798 3410 unitam,
1820 3338 1863 3391 ut

338 3411 380 3486 ad
402 3413 519 3486 ssmiles
538 3432 648 3485 motus
671 3408 864 3498 nervorum,
889 3415 945 3504 qui
967 3413 1065 3484 alicui
1089 3411 1259 3483 sensationi
1282 3407 1438 3500 serviunt,
1462 3411 1585 3484 similes·
1599 3414 1682 3487 ideas
1706 3419 1740 3488 in
1764 3437 1858 3487 men·

339 3529 372 3584 te
396 3514 538 3582 oriantur
559 3510 611 3581 vel
631 3508 801 3595 srstannu,
832 3510 918 3578 adeo
941 3527 977 3578 ut
1002 3510 1036 3577 in
1060 3507 1189 3579 diversis
1210 3507 1423 3590 hominibus,
1452 3528 1592 3597 quorum
1621 3509 1756 3583 sensoria
1788 3514 1859 3604 pari

338 3606 444 3677 modo
467 3604 670 3688 afficiuntur,
693 3603 809 3675 fitniles
833 3603 915 3672 ideae
938 3604 1042 3671 menti
1066 3601 1144 3671 fiant
1167 3599 1368 3692 presentes,
1399 3606 1543 3691 quamvis
1567 3604 1764 3694 aliquantum
1794 3609 1859 3678 dis-

339 3719 476 3793 crepent
500 3721 562 3792 pro
582 3702 667 3771 vatia
686 3702 798 3794 organi
823 3697 961 3769 Sensum
983 3696 1235 3768 constitutione:
1270 3697 1346 3767 iden
1378 3696 1421 3768 de
1449 3698 1597 3770 colorum
1617 3700 1788 3787 clarium,
1823 3698 1861 3773 dt

340 3798 511 3888 voluptate
534 3794 612 3868 inde
632 3796 767 3868 oriunda
787 3794 938 3865 differens
959 3793 1117 3865 formatur
1134 3792 1295 3884 judicium
1317 3789 1507 3864 &electior
1532 3793 1605 3866 sunt
1625 3797 1859 3887 quideleiian·

342 3914 397 3964 tur
417 3892 540 3964 intense
560 3892 693 3976 rubris,
724 3891 777 3962 alii
799 3889 919 3981 pallide
939 3887 1181 3961 rubescennbus
1203 3887 1371 3960 coloribus
1388 3911 1401 3976 ς
1434 3888 1485 3960 hin
1508 3890 1639 3982 placent
1660 3892 1733 3966 flavi
1749 3946 1771 3983 ‚.
1786 3894 1859 3970 aliis

339 3989 477 4073 virides,
500 3986 577 4062 aliis
590 3986 723 4061 cterulei
747 3986 894 4059 colores:
918 4006 1018 4058 nemo
1039 3985 1118 4072 est,
1136 3986 1192 4077 qui
1214 3984 1489 4058 indiscriminatim
1512 4008 1628 4060 ornnes
1645 4012 1741 4064 amat.

384 4122 416 4223 ς.
442 4118 735 4196 MDCCCXVII.
771 4119 931 4191 Omnium
955 4119 1118 4191 radiorum
1150 4117 1372 4191 coloratorum
1390 4118 1483 4211 juxta
1516 4118 1547 4188 sn
1573 4126 1802 4208 currentium,
1820 4125 1856 4196 in

327 4215 500 4316 ¹quandam
514 4222 666 4316 exiguam
680 4219 809 4314 plagam
827 4217 1013 4289 cadentium
1033 4215 1187 4287 colleiiio
1203 4215 1370 4286 constituit
1382 4215 1558 4285 candorem
1575 4216 1638 4288 srve
1662 4215 1859 4294 albedinem.
2012 4241 2015 4246 ·

385 4319 419 4391 Si
447 4322 533 4389 enim
564 4338 582 4385 a
611 4320 764 4409 prismate
787 4312 897 4387 ΑΒΕ
920 4312 1027 4385 radius
1047 4311 1133 4385 Solis
1155 4315 1189 4384 in
1209 4311 1352 4385 radiolos
1373 4310 1524 4383 reinerus
1544 4310 1641 4384 fuerit
1668 4314 1864 4403 coloratos„
1877 4356 1944 4415 w,

341 4418 453 4509 quiin
476 4414 597 4487 lentem
620 4409 711 4485 ΜΝ.
730 4432 909 4485 convexam
929 4408 1031 4501 illapsa
1056 4408 1301 4506 refringantur,
1333 4428 1431 4501 atque
1452 4411 1487 4480 in
1510 4407 1624 4483 focum
1646 4406 1683 4480 G
1703 4411 1849 4484 conden·
1873 4425 1961 4504 qm„

308 4533 314 4540 ·
339 4512 469 4595 untur,
501 4511 555 4584 bie
580 4509 676 4582 focus
694 4511 730 4583 in
753 4508 854 4603 plano
876 4507 953 4582 albo
974 4504 1061 4579 DG
1080 4526 1257 4599 exceptus,
1281 4505 1374 4579 albus
1395 4505 1484 4591 erit,
1515 4505 1539 4577 st
1569 4505 1712 4601 perena
1735 4489 1915 4592 albonem·
1933 4497 1961 4556 ‘¹

339 4631 408 4683 aon
426 4607 581 4679 habeatur
590 4656 609 4693 ‚.
625 4605 724 4678 altera
742 4607 813 4680 lens
836 4626 984 4678 convexa
1004 4604 1078 4698 post
1100 4606 1236 4698 primam
1262 4624 1421 4698 ponatur,
1447 4624 1467 4675 a
1486 4624 1549 4696 qua
1574 4605 1648 4698 plus
1659 4602 1725 4698 jam
1740 4604 1856 4681 refrin-

337 4723 459 4802 gentur
478 4703 582 4785 radii,
607 4706 640 4772 in
663 4699 774 4775 locum
795 4706 957 4776 minorem
980 4702 1098 4775 coituri
1113 4752 1133 4789 ,
1157 4706 1218 4776 erit
1241 4702 1297 4775 hic
1319 4701 1414 4775 focus
1435 4720 1511 4776 vere
1531 4702 1632 4775 albus.
1681 4704 1751 4778 Aut
1772 4704 1853 4777 mdil

339 4799 479 4873 colorati
500 4798 643 4870 incidant
663 4798 698 4869 in
721 4797 885 4890 speculum
910 4798 1106 4874 metallicum
1123 4801 1279 4893 sphaerico
1293 4821 1494 4886 concavum,
1520 4799 1744 4890 reuertentur,
1770 4824 1852 4875 con·

338 4896 460 4973 nusuti
488 4898 523 4970 in
550 4892 657 4984 mco,
690 4898 749 4990 qui
776 4898 870 4976 albus
890 4901 962 4975 erit.
1018 4898 1061 4975 ln
1088 4897 1157 4978 boc
1181 4899 1261 4977 foco
1286 4918 1413 4977 tannrm
1442 4896 1606 4981 radiorum
1631 4902 1860 4980 coloratorum
1905 4896 1907 4900 ’

1775 5004 1854 5084 9¹⁰!
