4992 6767
571 675 659 784 W
958 653 1011 749 D
1089 653 1142 749 K
1232 660 1311 746 ‘is
1371 657 1431 744 ’.Ο
1516 650 1565 741 N
1649 654 1706 748 U:

569 861 679 941 ·rit·'irr
696 853 802 936 obicis
821 853 932 934 loc'nm
959 859 1011 948 E,
1036 858 1067 931 i·
1079 859 1148 953 quo
1164 857 1298 932 ‘resultat
1320 859 1378 931 sub
1401 855 1524 951 angulo
1551 850 1693 939 BED,
1718 873 1758 928 ae
1783 876 1852 932 erat
1866 860 2006 960 angrlns
2027 865 2106 943 inei-

575 963 708 1038 'dentlae
722 961 864 1046 ΑΕΘ-ς
900 962 984 1030 redit
1011 957 1291 1056 ignorabilis,
1317 977 1385 1027 non
1409 954 1519 1041 aliter,
1544 977 1641 1047 quam
1660 955 1682 1024 sr
1698 955 1832 1029 venisset
1856 960 1875 1030 d
1899 968 2021 1053 putitio
2049 966 2107 1055 H,

577 1065 682 1157 posta
708 1059 781 1131 HE
806 1075 842 1139 :2
872 1058 952 1129 ΑΕ.
1005 1060 1037 1128 Si
1062 1057 1262 1130 intervallum
1290 1052 1358 1123 ΗΒ
1386 1074 1417 1123 m
1484 1074 1538 1125 um
1559 1051 1675 1138 suerit,
1701 1059 1822 1144 poterit
1839 1057 1933 1131 sonus
1947 1064 2109 1154 posterior

582 1183 603 1231 a
634 1161 758 1232 directo
784 1160 853 1231 ΑΒ
882 1155 1060 1251 distingui3
1092 1153 1188 1222 sads
1212 1149 1413 1222 intervallum
1482 1151 1511 1222 B
1540 1150 1637 1222 suerit
1658 1173 1821 1241 parvum,
1852 1158 1937 1228 inter
1957 1178 2106 1251 tempus,

579 1280 649 1348 quo
674 1258 782 1327 Sonus
807 1259 962 1346 percurrit
995 1251 1092 1333 ΛΒ,
1126 1246 1162 1317 de
1189 1247 1258 1319 ΗΒ
1285 1248 1348 1318 five
1373 1245 1442 1318 ΑΕ
1468 1251 1504 1322 ·l·
1529 1247 1626 1328 ΕΒ,
1657 1251 1742 1319 auris
1768 1248 1912 1325 sensibile
1936 1253 2106 1332 discrimen

575 1375 662 1439 non*
675 1352 897 1435 intetnoscet,
915 1346 950 1418 δι
974 1368 1075 1426 unum
1097 1344 1201 1436 modo
1223 1346 1332 1417 audiet
1354 1343 1504 1431 Sanum,
1530 1346 1680 1417 five-non
1704 1346 1853 1422 audietur
1880 1349 1990 1424 Echo.

631 1477 665 1564 ς.
692 1469 940 1544 MMCCXIL.
965 1469 1156 1543 interdum
1173 1467 1428 1570 imaginem&
1452 1470 1577 1542 Sotium
1595 1473 1784 1559 primarium
1800 1493 1844 1543 eo
1862 1477 1991 1546 brevior
2012 1496 2103 1550 mora

576 1572 771 1654 intercedit,
795 1590 864 1661 quo
880 1571 967 1639 obex
981 1571 1202 1661 repercutiens
1214 1567 1318 1638 causae
1342 1568 1465 1638 sonanti
1486 1565 1582 1637 suerit
1596 1569 1756 1655 propiori
1782 1570 1818 1639 Si
1839 1572 1944 1643 obicis
1957 1573 2125 1646 distantis·

576 1667 710 1741 acausa
738 1685 822 1760 535.
847 1667 986 1757 pedibus
1006 1664 1171 1751 distiterit,
1197 1662 1232 1736 dt
1255 1666 1339 1734 auris
1363 1683 1475 1755 prope.
1489 1663 1615 1733 causam
1636 1662 1837 1751 Sonanrenr,
1863 1686 1931 1739 tunt
1945 1670 2103 1742 interSo·

574 1786 658 1839 num
683 1768 868 1857 prolatum,
890 1759 925 1834 ἃ
948 1763 1136 1834 redeuntem
1155 1781 1284 1855 tempu:
1299 1764 1414 1831 minuti
1438 1759 1567 1832 stcundi
1591 1760 1788 1832 intercedet:
1812 1764 1964 1857 adeoque
1985 1788 2102 1838 omnes

573 1883 699 1947 voces,
726 1883 806 1953 quas
820 1860 936 1950 aliquia
950 1863 1032 1930 intra
1048 1860 1115 1931 hoc
1132 1863 1260 1951 tempus
1275 1856 1419 1949 profert,
1444 1858 1514 1947 ipso
1528 1854 1693 1925 definente
1706 1857 1818 1948 loqui,
1835 1862 1953 1932 iterum
1969 1865 2101 1935 audien·

572 1980 659 2042 tur,
685 1960 772 2051 quali
797 1959 838 2027 ab
863 1956 961 2027 Echo
986 1957 1146 2048 prolate:
1171 1979 1240 2046 quo
1261 1958 1348 2026 obex
1373 1954 1485 2045 majori
1507 1950 1675 2021 intervallo
1697 1974 1717 2022 a
1738 1956 1830 2026 causa
1855 1955 1991 2029 sonante
2014 1960 2102 2029 disti·

572 2061 674 2139 terit,
696 2056 771 2145 plus
793 2058 949 2142 temporis
971 2055 1056 2122 inter
1080 2055 1219 2122 reditum
1241 2049 1448 2132 intercedet:
1475 2047 1553 2138 ideo
1574 2046 1754 2139 hujusmodi
1767 2050 1866 2123 Echo
1885 2058 2013 2141 poterit
2035 2053 2101 2125 elle

575 2148 809 2317 Pfflysyllaba,
841 2167 938 2237 quae,
968 2146 1076 2237 polito
1098 2147 1206 2217 obice·
1217 2165 1324 2237 prope
1344 2145 1473 2218 oausam
1497 2141 1687 2234 sonmtern,
1720 2147 1942 2237 mmosylbba
1969 2170 2103 2225 tantum

575 2265 596 2318 e
624 2296 634 2316 .

574 2389 581 2434 .’
628 2371 662 2469 §-
697 2367 897 2446 MMCCL.
931 2363 1115 2466 Quoniam·
1130 2370 1228 2443 sonos
1256 2370 1381 2442 infinita
1405 2367 1569 2442 celeritate
1598 2367 1630 2438 ie
1660 2368 1827 2459 sequentes
1846 2370 1932 2439 auris
1953 2367 2107 2445 humane

571 2492 646 2545 non
663 2470 933 2565 distinguit,sed‚
950 2489 987 2539 ut
1000 2468 1136 2541 distincti
1152 2470 1437 2549 audiantur,mora
1455 2472 1538 2538 inter
1551 2486 1609 2536 eos
1622 2465 1792 2539 necessaria
1804 2465 2101 2555 est,ideo,quam·

573 2569 624 2639 vis
644 2568 754 2639 Sonus
773 2568 813 2638 ud
836 2566 1026 2657 loquentem
1042 2568 1190 2649 redierit,
1218 2569 1252 2637 in
1266 2568 1364 2636 nimia
1385 2567 1488 2636 obicis
1504 2566 1746 2656 propinquitate
1762 2584 1829 2634 non
1845 2563 1995 2633 audietur
2017 2567 2098 2636 reci·

570 2684 713 2755 procus:
736 2686 778 2736 an
799 2683 907 2740 autem
929 2664 1133 2733 determinari
1157 2666 1279 2750 poterit
1303 2663 1516 2746 brem'ffimum
1533 2662 1733 2734 intervallum
1748 2662 1831 2731 inter
1846 2660 2033 2749 loquentem
2056 2658 2094 2733 dt

569 2761 763 2830 reddentem
790 2758 941 2843 obicem,
965 2776 1003 2828 ut
1026 2755 1126 2831 Echo
1139 2760 1312 2832 audiatur?
1338 2760 1457 2832 Musici
1476 2762 1570 2851 periti
1585 2758 1678 2852 supra
1692 2756 1810 2829 violam
1828 2755 1952 2849 pledlro
1966 2779 2008 2828 ex
2021 2778 2092 2828 net·

413 2909 417 2916 .
567 2856 621 2925 ria
648 2858 732 2928 intra
756 2857 811 2926 ni*
829 2854 1021 2944 plerumque
1044 2858 1179 2934 eliciunt
1202 2879 1237 2949 9.
1263 2857 1315 2929 vel
1346 2879 1400 2925 ro.
1427 2855 1575 2942 Tanos,
1598 2856 1731 2948 quando
1754 2853 1869 2927 ludunt
1880 2854 2094 2950 presiiffinoe

567 2951 608 3023 in
629 2952 744 3045 majori
769 2950 932 3022 celerimee
955 2950 1071 3026 tonos
1097 2954 1291 3046 distinguere
1315 2973 1384 3024 non
1409 2951 1510 3022 licet:
1542 2952 1693 3040 adeoque
1723 2953 1809 3022 auris
1834 2957 1992 3024 exercitati
2015 2974 2093 3025 utu·

415 3087 419 3092 ·
568 3046 625 3118 fici
645 3050 820 3141 imaginem
847 3044 927 3114 Soni
944 3064 1066 3114 tantum
1084 3045 1189 3134 posset
1204 3048 1419 3140 distinguere„
1444 3068 1519 3117 cum
1535 3047 1642 3118 Sonus
1656 3046 1809 3119 resultans
1824 3048 1978 3119 ὥωᾶυιπ
1997 3069 2095 3138 aeque

413 3139 417 3200 ἶ
484 3201 487 3206 .
567 3143 718 3214 celeriter
733 3162 772 3209 ac
790 3143 825 3210 in
837 3138 999 3224 cantilena
1014 3158 1109 3210 tonus
1125 3161 1238 3212 tonum
1260 3140 1415 3230 sequitur:
1442 3146 1520 3230 qui,
1545 3164 1585 3226 ut
1596 3146 1811 3233 percipiatur,
1835 3142 1961 3217 necesse
1976 3145 2043 3228 est,
2058 3165 2093 3221 ut

568 3235 657 3310 obest
679 3258 698 3306 a
720 3227 814 3306 cansa
834 3234 965 3304 sonante
991 3252 1050 3325 53.
1078 3237 1155 3326 ped.
1185 3235 1219 3307 6.
1244 3236 1327 3327 poll.
1354 3237 1452 3308 abiit:
1489 3238 1620 3309 sienim
1647 3262 1770 3310 tantum
1798 3263 1859 3334 50.
1885 3242 1959 3333 ped
1981 3242 2090 3314 ablue·

567 3331 635 3418 rit,
658 3332 796 3416 dubito,
816 3352 857 3402 an
875 3328 1077 3426 peritissimus
1089 3330 1202 3404 sonum
1218 3332 1405 3424 sequentem
1432 3334 1453 3406 d
1472 3337 1625 3425 primario
1642 3336 1876 3430 distingueret,
1901 3337 1952 3409 sed
1968 3360 2086 3412 nomm

568 3426 695 3498 audiret
717 3425 830 3498 sonum
852 3426 1016 3516 quendam
1039 3431 1258 3518 protrae‘ium.
1284 3429 1347 3497 live
1364 3431 1569 3523 clangorem:
1594 3432 1679 3500 auris
1692 3451 1771 3500 vero
1796 3437 1908 3520 minus
1923 3436 2088 3509 exercitate

568 3521 743 3690 imag‘trem
765 3521 990 3594 'internoscere
1005 3545 1128 3595 tantum
1151 3547 1170 3595 a
1192 3527 1345 3615 primario
1361 3523 1441 3595 sono
1464 3528 1603 3614 poterit,
1629 3526 1761 3614 quando
1778 3530 1932 3620 ampliori
1949 3534 2087 3604 interval·

569 3618 640 3703 loa
679 3622 776 3692 obice
801 3619 963 3690 distiterit:
988 3622 1066 3691 ideo
1081 3619 1298 3701 Marianum,
1323 3640 1359 3691 ut
1375 3620 1472 3691 Echo
1489 3621 1709 3712 monosyllaba
1723 3626 1888 3714 audiatur,
1915 3628 2090 3703 distantiam

570 3715 632 3807 69.
657 3716 779 3806 pedum
798 3717 839 3784 ab
861 3715 958 3784 obioe
971 3716 1196 3786 reverberante
1222 3719 1341 3805 requiri
1359 3718 1514 3788 adseruit:
1542 3718 1721 3790 Mortonus
1738 3719 1842 3794 ,Echo
1859 3717 2088 3819 monosyllaba

568 3811 701 3906 assignat
721 3809 900 3892 distantiam
923 3829 983 3898 90.
1009 3810 1129 3899 pedum
1155 3808 1266 3881 Lond.
1290 3808 1466 3902 Disyllabae
1497 3836 1574 3907 ¹05·
1600 3817 1676 3908 ped.
1697 3815 1880 3909 'itisyllabae
1908 3826 1995 3897 160.
2016 3825 2090 3919 ped.

525 4003 535 4016 ι
565 3903 800 3996 ¹'Tetrasyllabae
831 3904 910 3976 182.
935 3904 1010 3995 ped.
1036 3902 1265 3999 Pentasyllabae
1295 3931 1377 4001 204.
1402 3911 1476 4002 ped.
1506 3912 1527 4005 (
1568 3914 1602 4007 ).

622 4033 654 4132 s.
680 4029 895 4105 MMCClJ.
919 4028 954 4103 Si
969 4031 1010 4103 ad
1026 4035 1126 4108 varias
1140 4055 1160 4105 a
1174 4033 1331 4127 loquente
1349 4038 1510 4112 distantias
1530 4040 1831 4136 abluerintobicet,
1851 4063 1993 4137 qnorum
2008 4070 2092 4139 pro·

435 4199 439 4206 .
571 4135 650 4206 ximi
671 4130 880 4224 humiliores,
906 4133 1021 4200 remoti
1043 4130 1190 4204 altiores:
1215 4153 1271 4204 aut
1294 4154 1415 4207 tantum
1440 4138 1509 4210 duo
1525 4140 1640 4210 excelsi
1658 4141 1770 4214 obices
1793 4140 1933 4235 paralleli
1946 4141 2090 4232 fuerint,

573 4234 630 4320 qui
653 4227 696 4300 ad
720 4229 861 4301 eundem
883 4225 992 4295 locum
1015 4228 1150 4300 reddere
1170 4230 1295 4301 Sonum
1318 4238 1520 4324 reciprocum
1546 4236 1691 4326 possint,
1723 4239 1850 4312 diversae
1872 4243 2091 4331 repetitiones

494 4383 498 4388 .
574 4326 673 4400 Echo
695 4327 893 4406 audientur,
917 4343 1053 4412 quarum
1075 4348 1139 4396 una
1163 4326 1293 4398 alteram
1324 4329 1479 4420 sequitur:
1502 4337 1657 4423 quoniam
1675 4337 1865 4429 plerumque
1889 4359 1956 4408 vox
1979 4341 2094 4412 minus

575 4423 640 4492 alta
664 4423 817 4505 auditur,
851 4437 963 4509 quoe
987 4421 1207 4519 longinquioti
1228 4423 1306 4496 loco
1326 4432 1476 4513 venerit,
1511 4430 1628 4502 clarior
1650 4455 1670 4503 e
1696 4439 1872 4528 propiori,
1904 4438 1964 4506 erit
1987 4439 2093 4528 prima

330 4549 339 4564 =
573 4515 676 4590 Echo
696 4517 894 4601 clarissima,
926 4539 999 4608 quae
1023 4541 1043 4590 e
1067 4519 1144 4594 loco
1167 4524 1334 4612 proximo.
1367 4524 1438 4595 aliae
1464 4527 1671 4600 remissiores:
1697 4534 1910 4624 quamobrem
1935 4553 2002 4603 voit
2025 4534 2093 4607 Ab

573 4612 719 4708 prolata,
744 4617 883 4707 repetito
905 4615 1088 4708 repercussu
1110 4621 1270 4694 condano
1292 4620 1488 4713 submissior,
1521 4630 1681 4724 gemitum
1705 4630 1895 4707 moribundi
1920 4633 2088 4801 exprirR'et.

2055 4748 2090 4803 u-

647 4901 714 4985 (⁸)
732 4905 865 4972 Natural.
886 4905 994 4971 liliior.
1014 4911 1245 5024 Nortbampton.
1269 4914 1341 4998 cip.
1360 4936 1390 4997 ς.
1410 4937 1477 5002 aas·
1499 4929 1570 5001 3582
