4992 6767
558 685 641 788 '61²
1013 664 1149 780 DE
1289 664 1618 753 IGNE.

563 893 628 964 qua
651 864 750 943 malla
770 862 862 953 pellit
886 860 1078 958 &abripit3
1103 865 1180 938 hinc
1195 866 1252 956 qui
1268 860 1360 936 restat
1375 867 1458 960 ignis
1474 859 1661 956 parcioreli
1686 854 1722 931 ὅ(
1746 860 1965 955 imbecillior,
1988 885 2084 959 quam

544 988 602 1053 ‚ut
624 963 781 1060 pabulum
808 965 842 1033 in
868 963 1017 1036 ardentes
1038 963 1187 1036 scintillas
1210 962 1414 1045 inflammare
1436 960 1539 1052 potue.

615 1084 668 1164 5⁰·
692 1062 765 1133 Cur
789 1084 872 1152 aqua
899 1065 933 1132 in
960 1060 1054 1134 dolio
1079 1061 1323 1153 quoquoversus
1357 1062 1500 1129 maximo
1530 1079 1605 1130 curn
1635 1061 1759 1150 impetu
1791 1062 1966 1154 apuluere
1997 1070 2094 1157 pyrio

567 1161 699 1236 incenso
723 1157 884 1251 dispersa,
913 1155 948 1230 ἂ
972 1163 1004 1231 in
1032 1160 1172 1255 guttulas
1194 1161 1350 1230 minimas
1374 1158 1503 1248 vaporis
1536 1155 1632 1227 inllar
1655 1157 1780 1245 divisa,
1815 1181 1882 1232 uno
1910 1183 2093 1236 momento

566 1258 771 1333 incensarum
797 1256 918 1329 aedium
941 1251 1119 1329 flammam
1139 1253 1246 1325 efflat?
1274 1258 1348 1345 quia
1364 1253 1470 1344 Aquae
1490 1253 1657 1344 particulae
1683 1275 1773 1326 tanto
1795 1260 1918 1346 impetu
1938 1262 2092 1351 projedlae

566 1358 655 1430 idem
683 1355 831 1448 praestant
862 1377 899 1427 ac
928 1374 1043 1427 ventus
1060 1374 1209 1449 magnus
1234 1349 1503 1437 violentilllmus,
1543 1350 1646 1441 qualis
1676 1373 1717 1421 ex
1748 1351 1911 1445 AEolipila
1942 1378 2094 1448 prorum-

565 1458 615 1547 rit
641 1455 736 1548 (a).
1679 1468 1682 1473 ·

622 1552 674 1623 6·.
700 1551 772 1623 Cur
796 1572 879 1643 aqua
902 1550 1162 1622 Lithanttacibus
1183 1550 1223 1619 ab
1242 1552 1333 1622 omni
1357 1566 1447 1641 parte
1468 1546 1653 1620 ardentibus
1675 1544 1772 1618 affusa
1796 1547 1893 1635 facit,
1919 1571 1956 1623 ut
1971 1549 2089 1627 ferrum

569 1651 605 1721 in
628 1650 666 1718 iis
688 1649 799 1741 jacens
822 1651 916 1720 eitius
936 1648 1115 1739 fortiusque
1137 1647 1304 1742 igniatur‘?
1338 1647 1432 1741 Quia
1453 1647 1538 1741 ignis
1562 1665 1602 1714 ex
1635 1644 1850 1736 superioribus
1873 1651 2018 1738 partibus
2042 1674 2090 1722 at·

567 1746 714 1817 dentium
738 1744 959 1817 lithantracum
986 1748 1027 1815 ab
1050 1767 1134 1834 aqua
1158 1742 1256 1815 affusa
1276 1744 1426 1816 deorsum
1446 1742 1595 1834 pellitur,
1620 1742 1737 1812 deinde
1760 1765 1778 1813 a
1799 1766 1920 1834 vapore
1937 1750 2020 1841 ignis
2042 1770 2091 1819 re·
2114 1786 2116 1790 ·

568 1842 677 1915 stduus
700 1841 854 1929 inflatur,
889 1840 1091 1936 &dirigitur
1118 1844 1151 1910 in
1180 1840 1332 1926 sermm,
1365 1842 1455 1933 quod
1484 1839 1549 1909 hoc
1571 1841 1667 1930 pado
1690 1862 1791 1930 ocyus
1814 1839 1848 1912 δι
1873 1841 1988 1913 sortius
2011 1848 2091 1940 igni·

571 1961 649 2012 uu:
682 1938 787 2010 Simili
813 1940 915 2009 modo
938 1938 1013 2008 ferri
1039 1939 1209 2009 alteriusve
1232 1940 1352 2009 metalli
1378 1941 1464 2032 virga
1490 1936 1590 2031 longa
1612 1937 1716 2007 caleat
1750 1940 1790 2007 ab
1822 1961 1890 2009 uno
1917 1962 2090 2029 extremo,

568 2040 611 2108 ab
630 2035 731 2106 altero
745 2034 876 2130 frigeat,
903 2036 973 2106 haec
988 2058 1051 2127 qua
1067 2055 1156 2126 parte
1174 2035 1278 2121 calet,
1304 2038 1409 2128 Aquae
1434 2037 1638 2119 immittatur,
1665 2036 1746 2127 ignis
1762 2034 1900 2125 pelletur
1920 2038 2086 2111 celerrime

567 2134 610 2203 ad
636 2152 822 2207 extremum
846 2135 983 2205 alterum
1009 2133 1182 2228 frigidum:
1208 2134 1231 2202 st
1258 2152 1365 2204 tamen
1390 2132 1500 2228 regula
1522 2131 1651 2225 lignea,
1676 2153 1876 2216 marmorea,
1909 2134 1961 2205 vel
1984 2135 2089 2207 lateri·

568 2233 613 2301 tia
635 2230 725 2301 fimili
751 2232 856 2303 modo
888 2232 1083 2311 incaluerit,
1115 2234 1198 2325 ignis
1221 2231 1262 2298 ab
1288 2249 1438 2302 extremo
1468 2230 1572 2321 ignito
1600 2249 1667 2298 non
1699 2229 1783 2299 adeo
1812 2231 1922 2321 rapide
1947 2231 1988 2302 ad
2012 2232 2089 2304 alte·

567 2347 639 2397 rum
659 2346 838 2398 extremum
855 2326 1007 2421 frigidum
1024 2326 1128 2397 uolat:
1153 2349 1194 2396 an
1220 2326 1253 2395 id
1279 2349 1346 2396 non
1373 2324 1494 2418 pendet
1514 2346 1532 2392 a
1556 2324 1614 2392 sttu
1636 2321 1671 2393 ἃ
1695 2324 1800 2396 forma
1820 2330 2004 2417 potorum?

618 2443 670 2515 7⁰.
697 2426 751 2495 An
775 2424 953 2496 secundum
979 2423 1211 2514 Peripateticos
1235 2425 1319 2517 ignis
1344 2424 1551 2515 homogcnea
1575 2420 1722 2515 colligit,
1747 2422 1963 2520 heterogenea
1986 2425 2089 2524 segre·

566 2521 647 2617 gat?
672 2521 856 2593 interdum:
880 2526 927 2591 uti
953 2520 989 2591 stt
1011 2524 1044 2591 in
1067 2521 1175 2590 multis
1191 2519 1458 2590 destillationibus
1475 2516 1664 2602 Chemicis,
1690 2522 1725 2589 in
1749 2521 1868 2609 quibus
1891 2527 1984 2595 variae
2017 2549 2089 2617 par-

568 2638 637 2702 tes,
664 2639 737 2709 quae
760 2639 899 2708 corpora
925 2618 1104 2707 composita
1125 2616 1349 2699 constituunt,
1383 2616 1616 2699 secernuntur,
1648 2616 1731 2687 adeo
1757 2638 1792 2687 ut
1820 2616 1886 2689 sola
1911 2621 2007 2711 Aqua
2032 2623 2090 2693 de·

567 2714 720 2785 litescens
744 2718 856 2800 iniis,
882 2736 936 2785 aut
953 2715 1009 2784 soli
1028 2715 1183 2806 Spiritus,
1209 2711 1275 2783 sola
1295 2714 1400 2801 Olea,
1426 2713 1491 2784 sola
1515 2710 1598 2782 Salia
1619 2713 1824 2807 colligantur:
1854 2707 2102 2793 leonensem
2142 2753 2147 2759 ·

569 2832 629 2902 per
650 2812 836 2902 hujusmodi
858 2811 1051 2883 secretiones
1074 2811 1171 2892 liunt,
1199 2832 1274 2881 nam
1295 2815 1380 2882 vatia
1400 2807 1571 2900 liquefacio
1592 2810 1707 2876 miscet
1729 2809 1963 2898 confunditque
1988 2818 2093 2905 ignis,

568 2910 616 2977 uti
642 2908 785 2993 Sebum,
811 2907 947 2995 Coram,
974 2908 1109 2989 Picem,
1144 2907 1414 2994 Colophonium:
1448 2907 1491 2970 ita
1514 2898 1549 2969 &
1574 2901 1710 2990 plurima
1730 2902 1860 2971 metalla
1882 2907 1914 2971 in
1939 2908 2015 2999 igne
2041 2912 2095 2980 so.

566 3004 634 3073 luta
649 3010 839 3075 miscentur:
866 3006 1003 3074 sedtum
1026 3002 1252 3084 confufiones,
1277 3022 1345 3070 tum
1369 2999 1562 3068 secretiones
1590 3014 1714 3065 tanturn
1740 2997 1814 3069 sunt
1833 2996 1969 3071 effecius
1983 3005 2092 3097 ignis,

565 3101 748 3186 exquibus
774 3101 931 3180 minime,
958 3097 1037 3186 quid
1059 3097 1095 3165 stt
1113 3098 1217 3188 ignis,
1242 3098 1384 3175 eruitur,
1409 3114 1463 3163 aut
1485 3093 1598 3180 liquet.

614 3192 668 3261 80.
694 3189 878 3284 Quomodo
899 3196 981 3287 ignis
1002 3190 1158 3260 nonnulla
1177 3210 1342 3280 corpora,
1374 3192 1422 3261 uti
1449 3189 1602 3274 Sebum,
1637 3188 1755 3261 Coram
1782 3186 1849 3264 &a
1873 3196 2032 3269 emollit?
2057 3203 2091 3274 in

567 3288 637 3360 haec
660 3287 814 3381 ingtellus
839 3307 944 3379 partes
968 3286 985 3355 d
1009 3306 1127 3358 mutuo
1151 3289 1304 3358 contadlu
1324 3287 1548 3373 removendo,
1575 3284 1611 3358 bc
1634 3289 1774 3377 denique
1796 3290 1987 3381 separando:
2014 3298 2089 3369 ideo

565 3395 633 3474 quo
660 3404 766 3474 partes
790 3384 864 3473 plus
886 3382 1097 3455 recellerint.
1130 3378 1261 3474 &plus
1285 3387 1369 3479 ignis
1390 3386 1560 3467 biberint,
1589 3407 1634 3456 eo
1659 3384 1791 3458 mollior
1814 3390 1859 3459 est
1890 3390 2002 3462 malla:
2027 3393 2087 3464 do·

564 3501 627 3551 nec
650 3481 779 3552 tandem
802 3481 913 3553 solutae
939 3485 972 3552 in
998 3484 1074 3575 igne
1100 3500 1252 3571 tanquam
1279 3485 1313 3554 in
1337 3481 1461 3568 fluido,
1488 3502 1609 3552 natent

614 3589 667 3668 9⁰.
693 3577 878 3674 Quomodo
904 3582 912 3648 i
961 3582 986 3650 is
1010 3577 1099 3662 alia,
1140 3579 1187 3647 uti
1210 3578 1313 3648 lutum
1342 3578 1500 3650 indurat?
1534 3582 1610 3668 quia
1632 3578 1767 3652 liuidum
1789 3586 1874 3654 inter
1897 3606 2002 3675 partes
2027 3608 2089 3660 ter-

567 3676 681 3748 testres
705 3677 763 3747 luti
784 3681 1006 3768 interpolatum
1028 3678 1069 3744 ab
1100 3679 1176 3769 igne
1209 3677 1410 3766 expellitur,
1444 3677 1548 3765 iisque
1581 3678 1720 3765 expulsis
1745 3701 1851 3770 partes
1881 3682 1989 3752 solide
2012 3685 2085 3755 rest·

564 3773 638 3843 duae
659 3777 793 3863 propius
811 3772 842 3841 se
868 3792 999 3863 tangere
1021 3772 1202 3855 incipiunt,
1229 3769 1263 3837 δι
1288 3776 1319 3839 in
1345 3772 1511 3841 latioribus
1537 3771 1791 3861 superficiebus,
1818 3799 1886 3866 quo
1909 3782 2008 3868 padio
2033 3781 2087 3853 fir·

565 3872 650 3937 mius
674 3870 917 3949 cohaerescunt,
945 3866 1122 3951 duriorque
1143 3863 1249 3934 evadit
1275 3864 1381 3934 massa.

618 3970 690 4033 10⁴.
715 3961 900 4057 Quomodo
921 3961 1005 4054 ignis
1028 3949 1160 4028 humida
1182 3959 1340 4031 exficcat?
1365 3959 1455 4056 Quia
1480 3961 1634 4052 aquosas,
1661 3983 1739 4053 quas
1769 3964 1925 4050 offendit,
1951 3973 1983 4039 in
2012 3994 2088 4046 cor-

563 4061 701 4154 poribus
724 4080 859 4151 pattes,
891 4057 1095 4152 ingredittu,
1126 4056 1297 4143 rarefacit,
1322 4081 1342 4128 a
1364 4058 1486 4146 reliqua
1508 4056 1604 4127 malla
1627 4058 1748 4130 duriori
1768 4060 1911 4153 separat,
1936 4073 2086 4159 excutit,

565 4155 602 4230 δι
627 4179 691 4228 uua
712 4180 788 4227 cum
807 4159 847 4226 iis
871 4156 978 4225 auolat
1002 4156 1035 4224 in
1060 4174 1170 4237 auras,
1196 4154 1284 4224 duris
1307 4152 1535 4243 superstitibus.

617 4274 690 4325 110.
714 4252 826 4348 Quare
851 4250 1007 4323 nonnulla
1031 4254 1083 4319 uix
1106 4250 1208 4319 calida
1231 4248 1358 4321 lucent:
1384 4253 1459 4340 quia
1481 4272 1616 4342 epotum
1634 4255 1761 4347 ignem,
1786 4254 1835 4325 vel
1855 4254 1967 4329 lumen
1995 4262 2027 4332 in
2046 4262 2085 4333 h·-

563 4355 633 4423 neis
654 4354 748 4422 tediis
771 4349 960 4439 expellunt:
985 4347 1060 4417 Alia
1083 4346 1236 4417 calidiora
1260 4371 1327 4419 nou
1351 4349 1482 4433 lucent,
1507 4372 1580 4441 quae
1605 4352 1714 4445 ignem
1741 4371 1808 4423 non
1835 4355 1869 4423 in
1894 4355 1988 4426 lineis
2014 4379 2083 4430 rec·

565 4451 624 4535 us,
650 4448 705 4518 sed
727 4448 877 4536 hysteron
902 4464 1059 4534 proteron
1083 4447 1262 4514 excutiunt.

619 4565 691 4612 120.
718 4541 829 4636 Quare
860 4539 988 4610 flamma
1010 4540 1206 4630 Lampadis,
1233 4540 1390 4612 Candelae
1412 4542 1464 4611 vel
1490 4541 1626 4633 Spiritus
1651 4543 1729 4615 Vini
1752 4550 1858 4619 minus
1880 4548 1993 4636 laedit,
2021 4574 2083 4626 tar·

563 4639 703 4731 plusque
726 4659 857 4710 manum
880 4639 1066 4725 comburit,
1093 4659 1189 4733 quarn
1212 4637 1314 4710 ferrea
1339 4639 1523 4711 candefaua
1543 4640 1673 4713 moles?
1706 4646 1782 4736 quia
1809 4645 1939 4718 flamma
1963 4650 2009 4720 est
2034 4673 2082 4721 ra·
2168 4638 2172 4642 ⁵

2030 4768 2079 4837 ta,

523 4925 526 4933 ’
634 4942 692 5024 (ι)
713 4945 881 5011 murrone
903 4943 939 5004 ae
962 4920 1075 5007 l'Acad.
1094 4945 1172 5023 noy.
1194 4946 1248 5027 aa,
1275 4959 1363 5020 1722.
1382 4966 1450 5026 pag.
1473 4961 1503 5025 t·
