4992 6767
543 622 626 784 esa
867 676 1136 800 ‚uu
1292 681 1617 772 rous.

431 944 460 1004 T
477 944 506 1003 h
550 882 656 983 Quod
674 873 772 956 etlam
801 880 864 954 levi
895 877 1024 952 calculo
1051 880 1155 950 evinci
1184 878 1315 972 potest:
1345 880 1579 971 supponamus
1608 875 1713 950 Lun'ae
1746 874 1948 971 superficiem
1980 882 2075 958 iollae
2119 970 2121 974 ¹

399 959 527 1087 dxv·
553 982 674 1078 speculi
699 980 836 1073 politam
861 976 925 1051 elle
949 974 1127 1058 AGHB,
1152 976 1256 1049 Lunae
1281 998 1428 1049 centrum
1456 977 1494 1047 srt
1517 976 1571 1060 C,
1596 980 1629 1048 ln
1652 974 1850 1065 superficiem
1876 978 1981 1052 Lunae
2005 981 2075 1052 illa·

404 1099 468 1179 mg.
500 1118 527 1167 ι.
553 1084 669 1157 bantur
696 1077 775 1151 radii
794 1076 880 1148 Solis
902 1073 1044 1167 paralleli
1069 1072 1168 1159 EG,
1193 1073 1221 1145 F
1231 1071 1277 1144 Η.
1327 1073 1380 1145 Ex
1396 1078 1519 1164 puncto
1540 1071 1575 1146 D
1600 1073 1795 1143 intermedio
1820 1079 1902 1147 inter
1925 1095 2076 1150 centrum

551 1173 646 1252 C&
672 1172 871 1266 superficiem
897 1170 1045 1256 GOH,
1069 1171 1230 1243 ducantur
1258 1173 1352 1243 rettae
1375 1168 1519 1255 DHK,
1553 1169 1705 1254 DGL,
1747 1167 1843 1240 Radii
1867 1173 1952 1245 Solis
1975 1174 2080 1265 illapsi

550 1278 585 1351 in
611 1270 754 1358 GOH,
779 1269 988 1342 refleslentur
1017 1270 1050 1337 in
1080 1269 1130 1337 his
1153 1271 1240 1353 viis,
1272 1271 1462 1359 occupaturi
1488 1266 1599 1341 Terrae
1625 1264 1824 1359 superficiem
1850 1264 1951 1354 LK,
1975 1272 2079 1344 adeo·
2107 1259 2111 1266 ’

550 1392 619 1468 que
641 1368 862 1444 erit-denum
886 1366 1048 1438 radiorum
1073 1366 1107 1434 in
1132 1362 1262 1435 Lunam
1286 1363 1500 1456 illapsurum,
1533 1366 1669 1437 adeam
1698 1363 1727 1434 l·
1747 1361 1844 1438 Luni
1876 1367 1918 1438 ad
1942 1366 2081 1440 Terram

550 1464 831 1564 reperculsomm,
856 1465 902 1535 uti
925 1458 1109 1554 superficies
1128 1455 1220 1545 LK,
1244 1459 1285 1531 ad
1311 1458 1512 1554 superficiem
1538 1457 1679 1546 GOH,
1704 1483 1778 1551 quae
1801 1459 1849 1532 est
1878 1464 1924 1533 uti
1945 1462 2082 1553 quadra·

551 1560 622 1642 cum
646 1561 744 1647 LD,
767 1561 809 1633 ad
832 1558 1023 1651 quadratum
1049 1553 1138 1628 GD.
1163 1556 1210 1628 est
1232 1558 1378 1630 dillamia
1399 1555 1586 1633 LDinter
1601 1578 1716 1629 tetram
1741 1554 1920 1630 &Lunam
1946 1562 2079 1649 aqualia
2135 1575 2140 1579 ’

551 1659 615 1755 64.
637 1657 877 1734 semidiametris
901 1655 1040 1742 Terre,
1070 1652 1118 1726 ell
1141 1651 1245 1728 Lunae
1269 1656 1426 1728 diameter
1448 1676 1563 1750 quater
1593 1659 1700 1729 minor
1723 1654 1885 1744 terrestri,
1915 1657 1993 1728 ideo
2015 1656 2080 1732 dis·

552 1813 651 1884 untia
683 1805 765 1881 DG
789 1804 836 1879 est
862 1768 915 1919 {-
946 1824 1020 1897 pars
1044 1799 1269 1875 semidiametri
1298 1800 1435 1875 Terrae:
1465 1803 1618 1895 adeoque
1640 1802 1686 1874 est
1706 1802 1844 1875 (lenitas
1867 1800 1969 1876 Lucis
1993 1804 2079 1912 Solis

1905 1948 1961 1969 -

552 2009 595 2085 ad
621 2008 777 2095 Lunam,
810 2000 946 2074 adeam
976 1999 1188 2092 repercullam
1209 2021 1229 2070 a
1253 1998 1349 2070 Luna
1375 2000 1418 2072 ad
1440 2000 1605 2087 Terram,
1646 2002 1694 2071 uti
1728 1956 1807 2091 ἧς.
1835 2002 1878 2073 ad
1904 1960 1993 2137 -2-q.
2018 2001 2081 2077 five

551 2176 600 2249 uti
626 2190 785 2267 255744.
808 2163 850 2237 ad
879 2184 909 2234 r.
935 2161 1002 2234 Sed
1022 2162 1099 2253 quia
1121 2158 1215 2231 Luna
1238 2160 1286 2232 eil
1307 2163 1439 2252 aspera,
1465 2167 1635 2253 pauciores
1658 2162 1700 2231 ab
1721 2183 1760 2233 ea
1780 2162 1859 2234 radii
1881 2166 1923 2246 ad
1945 2164 2079 2237 Terram

551 2259 753 2366 pervenient.
802 2258 891 2356 Quia
917 2258 1083 2350 speculum
1108 2257 1263 2338 ullorium
1293 2255 1490 2343 Parifinum,
1513 2278 1581 2351 quo
1605 2258 1678 2329 usus
1701 2255 1764 2329 suit
1780 2258 1941 2348 LaHirius
1970 2262 2080 2334 radios

466 2414 469 2421 ·
552 2368 658 2440 modo
707 2363 766 2435 06.
792 2356 956 2431 denliotes
976 2353 1072 2437 facit,
1096 2352 1152 2424 lux
1180 2350 1285 2424 Luoae
1308 2374 1328 2423 a
1352 2353 1486 2444 speculo
1507 2354 1657 2438 denstrta,
1682 2356 1799 2427 millies
1817 2355 1884 2431 fere
1909 2361 2010 2432 rarior
2021 2357 2084 2431 suit

553 2467 653 2558 quam
684 2383 760 2532 lauit
791 2455 898 2538 Solis,
926 2474 998 2545 quae
1021 2449 1155 2522 Terram
1182 2450 1343 2534 illustrat,
1370 2445 1457 2521 &u
1480 2450 1655 2544 Speculum
1679 2452 1812 2524 Villettii
1843 2453 1969 2529 Lucem
2000 2478 2081 2528 con·

550 2560 664 2634 denset
690 2558 771 2649 817.
797 2554 941 2633 vicibus,
967 2551 1027 2621 etit
1052 2553 1084 2619 in
1108 2547 1188 2617 soco
1209 2544 1285 2617 Lux
1306 2545 1411 2619 Lunae
1436 2548 1543 2620 adhuc
1570 2569 1652 2641 3¹3·
1677 2550 1892 2623 minusdensa
1909 2574 2007 2645 qoam
2025 2553 2081 2625 lux

552 2657 686 2730 solaris:
724 2655 802 2726 ltiuc
835 2647 1019 2720 mitandum
1047 2665 1115 2718 non
1149 2643 1196 2714 eil
1223 2642 1523 2738 Thermoscopium
1555 2648 1590 2718 in
1618 2645 1699 2718 foco
1733 2646 1816 2721 lucia
1845 2647 1983 2723 Lunaris
2012 2672 2080 2725 nou

550 2753 646 2827 affici.
1526 2769 1529 2776 ·

601 2892 636 2987 §.
664 2882 946 2966 Mucxxxrx.
971 2881 1005 2954 Si
1027 2880 1127 2978 igitur
1146 2874 1221 2950 Lux
1243 2876 1381 2952 Lunaris
1404 2879 1452 2950 uti
1476 2867 1519 2949 ad
1539 2875 1674 2951 Terram
1697 2884 1805 2967 venit,
1829 2903 1891 2956 uec
1912 2882 1969 2955 lux
1997 2881 2079 2958 den·

554 2990 619 3065 sata
642 2990 816 3082 aliquoties
843 2983 923 3054 nihil
948 2981 1133 3049 mutationis
1154 2975 1269 3047 inserat
1295 2976 1425 3060 fluido,
1450 2975 1543 3067 quod
1565 2976 1611 3048 est
1642 2981 1676 3049 iu
1700 2977 1952 3054 Thennometro
1971 2981 2080 3053 mobi-

551 3086 688 3172 liffim03
713 3106 753 3153 an
778 3078 909 3171 quidem
931 3073 1071 3145 influxus
1086 3073 1168 3144 lucis
1182 3070 1319 3145 Lunaris
1340 3093 1396 3144 aut
1416 3071 1617 3165 planetarum
1637 3075 1679 3146 ab
1701 3077 1901 3174 Astrologis,
1926 3097 2079 3170 tanquam

551 3181 767 3276 plurimorum
792 3171 966 3245 effeetuum
990 3170 1183 3241 terrestrium
1210 3169 1301 3241 causa
1324 3171 1467 3241 invocari
1491 3170 1635 3260 poterit?
1659 3172 1743 3242 forte
1759 3167 1838 3244 nihil
1859 3178 1962 3272 tnagis
1983 3177 2081 3248 inane

553 3297 653 3375 quam
678 3275 797 3344 horum
820 3267 985 3352 doiirinu3
1011 3271 1156 3357 quamuis
1179 3289 1245 3339 non
1271 3286 1428 3364 negemus
1449 3263 1576 3336 Lunam
1602 3264 1637 3337 δι
1664 3266 1814 3339 Planetas
1844 3293 1954 3342 mutua
1980 3273 2081 3343 aiilo-

555 3391 599 3445 ne
623 3373 778 3469 gravitate
802 3369 835 3437 in
862 3362 913 3450 se,
938 3361 973 3435 dt
999 3367 1032 3435 in
1057 3361 1209 3435 Terram:
1235 3365 1457 3461 gravitationis
1475 3360 1610 3434 effedlus
1633 3364 1798 3450 videmus,
1830 3365 1885 3435 sed
1909 3368 2018 3439 nullos
2042 3369 2083 3439 ab

554 3468 681 3542 influxu
697 3463 920 3545 luciseditos:
945 3462 1062 3551 hyeme
1081 3483 1215 3553 quoquc
1231 3462 1326 3532 Luna
1346 3459 1566 3554 atmosphaerae
1595 3461 1730 3534 terrestri
1755 3460 1915 3536 sensibiles
1933 3467 2083 3537 mutatio·

556 3588 616 3642 nee
637 3566 737 3650 alias,
761 3563 909 3636 nondimr
930 3562 1016 3633 bene
1037 3558 1237 3646 intelleilas,
1262 3558 1397 3634 inducit
1699 3577 1702 3584 ’
1775 3599 1777 3604 -

604 3710 635 3802 ς.
664 3693 856 3779 MDCXL.
881 3701 1041 3772 Praeterea
1065 3703 1149 3796 ignis
1170 3701 1336 3792 colligitur
1357 3706 1392 3773 in
1416 3704 1633 3793 corporibus.
1657 3724 1732 3796 quae
1754 3704 1811 3777 sub
1834 3705 1892 3777 dio
1920 3727 2084 3798 putresce-

555 3830 591 3883 re
613 3805 799 3893 incipiunt,
830 3794 1107 3886 quemadmodum
1131 3794 1372 3862 inanimalium
1402 3797 1609 3865 cadaveribus
1633 3804 1918 3890 putrescentibus,
1946 3807 1978 3875 in
2003 3804 2083 3875 limo

554 3902 701 3994 equino,
725 3897 758 3962 in
781 3888 900 3981 plantis
926 3888 1197 3975 quibuscunque,
1222 3886 1254 3953 in
1283 3888 1394 3973 primis
1421 3890 1453 3957 in
1476 3889 1555 3957 seno
1575 3890 1707 3960 humide
1731 3896 1908 3987 congesto,
1934 3902 1967 3968 in
1990 3900 2083 3993 ligno

556 4005 787 4096 putrescente,
815 3981 998 4055 constanter
1020 3979 1223 4051 observatur:
1249 3979 1345 4051 limus
1373 3986 1511 4073 equinus
1528 3981 1692 4054 &senum
1716 3989 1873 4081 gradatim
1896 3989 2084 4080 incalescit,

557 4091 690 4168 tandem
711 4082 942 4157 inflammatur.
992 4077 1095 4149 Panni
1123 4077 1247 4148 humidi
1263 4082 1400 4149 acervati
1425 4080 1525 4170 spatio
1555 4101 1609 4151 ru.
1635 4081 1686 4151 vel
1717 4101 1773 4174 ¹5·
1796 4085 1920 4157 dierum
1942 4090 2087 4162 incalue-

556 4209 653 4276 runt,
676 4184 735 4258 fun
760 4181 832 4254 sunt
852 4175 886 4251 δι
910 4176 1033 4266 reduili
1059 4178 1093 4245 in
1114 4172 1244 4244 mallum
1271 4178 1422 4271 nigram,
1454 4174 1599 4274 fragilem
1626 4177 1714 4269 (a).
1750 4180 1837 4276 Ignis
1864 4204 1972 4264 tamen
2002 4187 2087 4261 solus

556 4283 738 4384 putsedinIs
761 4274 854 4351 causa
878 4296 945 4345 non
962 4271 1035 4344 'ella
1059 4269 1114 4342 led
1135 4270 1224 4367 Ignis
1246 4267 1281 4342 dt
1302 4274 1382 4372 Ais
1395 4271 1517 4357 fimul,
1541 4294 1615 4345 nam
1647 4272 1715 4346 Lac
1739 4273 1774 4347 dt
1797 4279 1934 4375 Sanguis
1956 4304 2087 4377 campa·

559 4409 612 4459 nae
633 4386 874 4474 vincamus,
888 4368 1029 4468 inclusus
1045 4368 1154 4461 spatio
1170 4387 1226 4459 15·
1246 4389 1656 4462 annorum-nequaquam
1673 4380 1894 4464 computruit,
1919 4378 2088 4453 observan-

559 4503 594 4553 te
616 4479 733 4568 Ellero
757 4470 849 4566 (a).
900 4461 977 4537 Nec
1006 4467 1077 4538 Ais
1102 4463 1188 4537 solus
1210 4465 1258 4537 est
1289 4465 1467 4557 putredinis
1494 4467 1618 4557 causa,
1649 4489 1724 4541 nam
1751 4473 1818 4544 acti
1847 4474 1984 4549 durante
2012 4479 2088 4574 gelu

560 4576 648 4651 nulla
672 4591 751 4645 caro
773 4565 1023 4658 computrescit.
1148 4599 1152 4608 ·
1566 4604 1569 4612 ,

634 4886 694 4964 (ι)
716 4885 887 4951 L'lilsolre
908 4885 945 4949 de
962 4884 1074 4949 l'Aead
1095 4884 1176 4965 noy.
1194 4886 1251 4949 Δο.
1275 4899 1360 4965 1²¹5·
1379 4903 1443 4967 pag.
1465 4903 1496 4964 5.
1584 4917 1586 4922 ·

639 4965 890 5049 (trvuluure
909 4966 948 5030 de
966 4964 1069 5031 l'llced
1090 4964 1129 5032 de
1146 4966 1257 5034 Berllu.
1280 4970 1336 5032 Aa
1358 4977 1447 5043 am·
1465 4981 1530 5047 pet.
1549 4968 1599 5033 al·
