4992 6767
534 667 620 762 tos
980 645 1120 743 or
1253 581 1670 763 noue

529 855 718 957 operculo,
747 870 866 944 equam
890 847 1040 933 involat,
1076 865 1214 958 eamque
1237 848 1306 916 cito
1329 846 1364 916 in
1384 841 1523 958 glaciem
1547 846 1659 959 vertit..
1702 844 1820 921 Multis
1844 851 2000 930 similibus
2025 857 2063 935 dt

528 955 709 1050 aequalibus
733 949 877 1024 vasculis
903 948 1012 1017 vitreis
1042 965 1101 1035 par
1136 965 1232 1035 copta
1262 943 1377 1032 Aquae
1403 939 1616 1029 infundatur,
1651 963 1838 1035 imponatur
1864 950 2064 1031 Mercuriale

406 1063 420 1088 ·
532 1053 850 1134 Tbermometrum,
885 1062 921 1114 ut
942 1065 1036 1134 aquae
1057 1041 1146 1112 calor
1173 1042 1333 1135 cognosci
1358 1036 1479 1131 posit,
1512 1040 1668 1111 nonnulla
1693 1043 1820 1118 vascula
1845 1066 1995 1146 tegantur
2019 1055 2067 1128 la·

533 1150 623 1225 nini
641 1147 766 1232 vitrei,
791 1144 853 1215 alia
875 1140 1057 1224 metallicd3
1081 1159 1176 1230 aqua
1189 1137 1327 1209 aliorum
1351 1135 1555 1208 vasculorum
1581 1136 1826 1229 superfundatur
1850 1144 1972 1220 Oleum
1991 1152 2068 1225 Oli·

534 1269 667 1331 mmm,
692 1243 882 1336 Raparum,
905 1235 1000 1323 Lini,
1026 1234 1297 1308 Terebinthinae:
1321 1234 1384 1305 alia
1398 1235 1526 1306 vascula
1542 1257 1693 1306 maneant
1717 1257 1854 1325 aperta,
1879 1250 1987 1318 omnis
2012 1251 2082 1324 hic·

577 1362 707 1438 paratus
735 1341 852 1431 hyeme
880 1354 1019 1428 ponatur
1050 1337 1084 1405 in
1114 1333 1193 1404 loco
1219 1331 1381 1423 spedarrte
1406 1331 1706 1425 Septentrionem,
1739 1330 1833 1409 &in
1858 1359 1957 1431 quem
1985 1350 2067 1420 radii

537 1442 618 1518 nulli
640 1439 727 1512 Solis
748 1439 790 1510 ab
816 1435 954 1528 objectis
976 1431 1120 1524 replicati
1138 1430 1265 1527 ingredi
1291 1428 1425 1521 possint,
1452 1425 1487 1512 br
1512 1432 1650 1502 omnino
1675 1434 1844 1523 quiescant
1869 1438 1960 1509 vasa:
1986 1465 2069 1536 pen·

535 1519 633 1614 deant
662 1540 759 1608 etiam
786 1536 820 1605 in
850 1532 969 1604 eodem
994 1531 1072 1600 loco
1098 1528 1161 1597 alia
1184 1526 1436 1600 Thennometra
1470 1527 1703 1616 Mercurial'ua,
1733 1551 1769 1600 ut
1793 1534 1911 1628 gradus
1936 1536 2068 1637 frigoris

533 1634 673 1712 calestia
705 1633 863 1704 observari
895 1648 1003 1718 queat.
1059 1623 1206 1719 Quaado
1235 1646 1318 1716 aqua
1352 1629 1385 1695 in
1409 1624 1479 1696 vase
1503 1647 1617 1718 aperto
1642 1628 1844 1727 congelascit
1869 1630 1903 1703 or
1929 1634 2067 1711 Mercu-

485 1805 490 1816 ,
535 1738 602 1808 tius
627 1729 769 1801 ostendit
792 1726 928 1825 gradum
963 1745 1042 1816 32„
1068 1722 1114 1792 est
1134 1726 1167 1793 in
1190 1725 1343 1794 omnibus
1365 1722 1434 1792 aliis
1458 1723 1537 1795 vafis
1560 1745 1643 1815 aqua
1668 1726 1773 1796 adhuc
1801 1727 1920 1801 fluida:
1947 1736 2067 1808 incres-

534 1851 586 1905 cat
608 1827 684 1926 gelu
708 1828 812 1899 tribus
832 1843 1010 1916 quatuorve
1033 1820 1214 1917 gradibus,
1246 1820 1458 1891 nihilominus
1482 1843 1567 1911 aqua
1593 1825 1626 1893 in
1652 1825 1729 1893 vafis
1753 1824 1898 1914 clauis,
1932 1833 1966 1901 in
1991 1832 2066 1905 reli-

446 1961 452 1974 ·
536 1930 609 2021 quis
638 1923 728 1995 Oleo
751 1926 898 2014 opertis,
934 1940 1042 1989 manet
1070 1915 1200 1988 fluida:
1236 1935 1305 1987 tum
1329 1919 1489 2009 aperiatur
1511 1940 1565 1989 vas
1591 1918 1758 2003 clausum,
1792 1945 1874 2013 aqua
1900 1928 2067 2020 adquam

534 2045 623 2106 nunc
645 2023 702 2094 air
727 2043 803 2092 cum
827 2020 897 2089 aliis
919 2016 1081 2086 contentis
1104 2015 1207 2085 libere
1234 2016 1389 2099 accedit,
1415 2017 1548 2106 incipiet
1571 2020 1605 2087 in
1630 2017 1767 2111 glaciem
1792 2023 1940 2094 celeriter
1964 2034 2064 2100 verti:

537 2120 627 2194 aliud
650 2141 706 2190 vas
732 2136 860 2189 maneat
891 2112 1060 2195 clausum,
1095 2111 1148 2182 sed
1179 2134 1276 2200 manu
1303 2114 1472 2198 elevetur,
1505 2116 1735 2201 concutiatur,
1767 2117 1819 2185 vel
1845 2120 2005 2193 deferatur
2029 2128 2064 2199 in
2123 2153 2127 2160 ·

537 2218 637 2298 alium
661 2217 795 2297 locum,
818 2215 894 2284 licet
912 2214 1018 2281 minus
1037 2208 1228 2304 frigentem,
1254 2211 1343 2281 illico
1363 2209 1488 2280 abhoc
1515 2231 1607 2281 motu
1631 2212 1683 2282 vel
1708 2214 1864 2286 concussu
1887 2219 1964 2289 vafis
1980 2244 2066 2312 aqua

378 2321 387 2338 ’
415 2337 419 2344 ·
537 2315 673 2388 vertitur
694 2316 729 2383 in
774 2311 912 2392 laciem;
937 2306 1032 2399 hujus
1053 2306 1225 2376 concussus
1248 2327 1400 2377 eventum
1421 2305 1485 2397 jam
1512 2306 1756 2380 Fahrenheitius
1782 2312 1873 2404 (a).
1907 2315 2067 2390 Triewal.

535 2411 598 2490 dus
631 2409 722 2503 (i).
797 2407 969 2479 obnannus
1000 2404 1074 2497 (c)
1107 2402 1365 2474 observaverunt.
1416 2403 1514 2494 Aqua
1547 2408 1579 2476 in
1611 2406 1744 2496 reliquis
1779 2410 1856 2480 vais
1882 2411 1938 2484 sub
1974 2414 2066 2489 Oleo

537 2527 649 2584 manet
672 2507 779 2578 adbuc
802 2502 921 2589 fluida,
945 2501 1066 2572 etiamsi
1088 2498 1211 2570 Oleum
1232 2499 1402 2573 Olivarum
1428 2498 1463 2572 ἃ
1489 2501 1656 2593 Raparum
1682 2505 1911 2599 obriguerint,
1936 2510 2068 2586 fmulac

536 2627 645 2680 autem
670 2624 738 2675 tunt
763 2602 854 2674 filum
881 2599 1078 2670 metallicum
1102 2600 1376 2669 transmittebatur
1400 2618 1459 2690 per
1483 2597 1607 2671 Oleum
1631 2602 1665 2670 in
1689 2622 1807 2692 aquam
1832 2602 1994 2692 fluidam,
2026 2611 2066 2682 li·

538 2721 592 2776 cer
612 2701 783 2798 figentem
805 2698 908 2794 gradu
932 2695 1012 2773 26..
1038 2715 1117 2763 mox
1140 2695 1329 2765 oriebantur
1351 2694 1488 2765 lamellae
1513 2695 1664 2791 glaciales
1688 2700 1720 2766 irr
1746 2701 1869 2789 Aqua,
1894 2704 2067 2800 elapsaque
2124 2695 2128 2700 ’

538 2800 628 2869 borae
658 2797 865 2885 quadrante,
897 2793 1004 2861 omnis
1030 2811 1113 2878 aqua
1137 2811 1361 2863 concreverat.
1413 2789 1559 2887 Quando
1582 2815 1665 2877 vas,
1699 2797 1751 2865 cui
1778 2796 1898 2868 Oleum
1923 2800 1999 2872 Lini
2026 2802 2064 2876 δι

537 2891 782 2966 Terebinthinae
807 2908 874 2962 erat
893 2885 1112 2979 superfusum,
1138 2886 1362 2978 quassabatur,
1388 2888 1440 2958 vel
1462 2910 1603 2980 corpus,
1628 2892 1681 2961 cui
1705 2891 1884 2979 insistebat,
1907 2899 2066 2972 malleolo

536 2988 727 3063 concussum
751 2986 978 3065 tremiscebas,
1004 2987 1038 3054 in
1060 2989 1145 3074 aqua
1164 2985 1332 3076 extemplo
1357 2985 1508 3079 glaciales
1533 2989 1745 3058 nascebantur
1768 2988 1915 3063 lamella.
1967 2997 2066 3068 Simi-

536 3086 580 3158 lia
602 3088 824 3175 experimenta
855 3103 931 3154 cum
967 3080 1060 3151 simili
1088 3100 1208 3152 eventu
1240 3083 1338 3151 etiam
1364 3102 1459 3172 capta
1483 3082 1555 3154 funt
1577 3105 1596 3153 a
1621 3083 1714 3155 Nob.
1740 3085 1917 3182 Moirano,
1945 3089 1980 3163 bt
2006 3095 2065 3165 de·

538 3182 654 3272 scripta
674 3182 706 3249 in
727 3180 849 3248 eximio
873 3178 978 3249 Libro
998 3176 1040 3248 de
1068 3177 1214 3253 Glacie:
1244 3180 1302 3268 qui
1329 3178 1453 3250 addidit
1486 3179 1519 3250 se
1551 3179 1839 3255 Thermometrum
1866 3186 2066 3264 Mercuriale

538 3281 574 3352 in
599 3275 672 3350 vase
694 3278 874 3348 continenti
898 3278 1028 3367 Aquam
1050 3272 1087 3347 dr
1110 3276 1234 3346 Oleum
1261 3273 1430 3346 Olivarum
1455 3276 1654 3368 aliquantum
1686 3280 1849 3366 elevasse,
1881 3307 1971 3358 natas
1995 3308 2064 3362 tum

535 3374 630 3447 fuisse
653 3373 795 3445 lamellas
815 3373 984 3470 glaciales,
1010 3396 1090 3445 mox
1117 3393 1226 3444 autem
1247 3370 1397 3463 depresso
1422 3370 1676 3448 Thermemetro
1699 3379 1733 3447 in
1759 3380 1896 3454 eandem
1913 3386 2065 3478 Aquam,

538 3471 743 3545 Mercurium
769 3474 801 3541 in
825 3491 867 3541 eo
887 3467 1082 3540 adscendisse
1103 3470 1204 3539 tribus
1222 3468 1407 3566 gradibus,
1430 3470 1516 3543 adeo
1541 3491 1577 3543 ut
1599 3476 1722 3566 Aqua,
1748 3497 1816 3566 quo
1842 3498 1989 3572 tempore
2013 3486 2064 3556 in·

536 3572 627 3663 cepit
651 3572 796 3639 conveni
819 3571 853 3640 in
874 3567 1036 3663 glaciem,
1063 3566 1256 3650 incaluerit,
1286 3569 1378 3657 quod
1410 3567 1553 3641 Micbeli
1577 3573 1673 3643 etiam
1707 3594 1858 3664 expertus
1889 3578 1974 3650 fuit:
2001 3582 2062 3655 An

536 3665 603 3740 hoc
624 3669 666 3738 ab
699 3663 953 3738 effervescentiae
985 3665 1091 3757 specie
1115 3661 1202 3735 inter?
1230 3665 1366 3756 Aquam
1399 3662 1436 3738 br
1459 3667 1587 3739 causam
1611 3670 1869 3768 conglaciantem
1894 3697 1978 3751 ortae
2003 3701 2065 3771 pe·

538 3763 681 3858 pendit?
718 3765 775 3836 An
797 3766 875 3853 quia
894 3762 973 3833 dum
994 3762 1092 3852 Aqua
1122 3763 1404 3856 congelascebat,
1436 3766 1547 3864 ignem
1572 3768 1724 3857 expulit,
1757 3775 1814 3861 qui
1840 3771 2062 3848 Thannotco-

538 3865 632 3953 pium
656 3859 918 3953 ingrediebatur?
952 3859 1017 3929 hoc
1040 3857 1106 3928 fieri
1129 3857 1211 3929 solet
1234 3861 1268 3930 in
1292 3860 1457 3933 nonnullis
1475 3861 1746 3946 effervescentis,
1772 3866 1826 3937 sed
1850 3872 1968 3942 exinde
1992 3895 2062 3944 ma·

536 3955 653 4029 nifesto
684 3957 800 4028 flueret
822 3956 946 4027 causam
970 3956 1085 4052 glaciei
1106 3955 1171 4027 effe
1191 3977 1406 4050 corpoream,
1432 3955 1468 4031 dt
1492 3959 1621 4051 prorsus
1635 3961 1789 4033 diversam
1813 3985 1832 4033 a
1855 3963 1996 4061 frigore,
2022 3972 2064 4041 li·

536 4074 578 4130 ve
598 4053 728 4129 evolatu
751 4052 930 4148 spontaneo
953 4056 1049 4152 ignis.

587 4214 619 4315 l.
644 4213 788 4289 MDIX.
821 4215 859 4287 In
881 4214 1141 4305 praecedentibus
1159 4217 1392 4308 experimentis
1414 4217 1615 4293 manifestum
1639 4219 1729 4307 sirit,
1762 4218 1893 4314 Aquam
1916 4225 2066 4299 manfiil'e

539 4315 700 4402 fluidam,
724 4314 845 4386 etiamst
868 4311 1033 4407 frigidior,
1053 4311 1150 4384 fuerit
1173 4335 1271 4405 quam
1295 4313 1336 4383 ad
1361 4313 1476 4410 glaciei
1501 4314 1729 4390 sonnationem
1747 4316 1873 4391 necesse
1887 4319 1944 4391 est.
1995 4321 2062 4394 Ni·

536 4412 713 4485 bilominus
737 4413 760 4483 st
782 4410 909 4483 flumen
933 4410 1111 4506 obriguerit
1133 4411 1259 4508 glacie,
1285 4409 1406 4482 multos
1429 4411 1588 4502 pollices,
1613 4418 1682 4486 imo
1705 4415 1839 4506 quidem
1866 4441 1924 4511 24.
1939 4418 2062 4507 cmffa,

535 4506 578 4582 dt
596 4509 679 4581 falia
695 4509 857 4610 inglorie
878 4526 1045 4601 apertura,
1071 4507 1360 4581 Thermemetrum
1382 4509 1563 4585 inmittatur
1585 4532 1690 4607 usque
1713 4514 1749 4587 in
1773 4513 1904 4611 Aquam
1928 4537 2061 4597 curren·

615 4818 676 4901 (a)
695 4816 864 4899 Philosoplr.
882 4778 1030 4884 Transafi.
1049 4818 1109 4880 ΝΟ.
1145 4823 1195 4894 lla.
1259 4891 1261 4898 Ι
1300 4858 1321 4898 .,
1426 4871 1430 4878 .

612 4901 673 4980 (i)
693 4901 860 4977 Philosoph.
882 4901 1029 4963 Tranaast.
1045 4898 1104 4958 No.
1115 4836 1188 4968 '115-
1292 4971 1295 4988 Ι

611 4983 671 5063 (a)
689 4981 857 5063 landaph,
876 4980 1024 5048 uterne
1044 4976 1209 5094 ⁸319st
1282 4997 1286 5008 ·
1419 5011 1425 5022 -
