4992 6767
579 697 691 788 os
747 693 1235 788 messoris
1292 641 1663 817 nonnis(
1787 724 1872 819 979

343 885 441 1006 ptum
455 899 521 972 hoc
537 896 639 968 secale
655 898 870 967 examinatum
892 916 911 965 a
933 893 1026 966 Nob.
1040 894 1211 970 Needham
1239 898 1341 994 (a),
1366 902 1423 991 qui
1446 901 1479 971 in
1503 919 1545 970 eo
1568 899 1648 970 vidit
1665 897 1866 979 substantians

344 1010 493 1101 nigram,
518 995 712 1087 albamque;
738 993 809 1064 alba
825 991 871 1063 est
890 989 1020 1076 mollis,
1045 993 1196 1066 constans
1214 1013 1260 1066 ex'
1271 997 1425 1093 oblongis
1446 1000 1544 1067 unitis
1568 994 1712 1081 librillis,
1737 999 1770 1068 in
1794 1002 1867 1090 qui·

346 1106 410 1174 bus
429 1095 553 1169 nullum
577 1092 623 1162 est
642 1094 714 1163 vitae
732 1091 874 1188 signum;
902 1090 955 1160 sed
969 1091 1010 1158 ab
1029 1089 1125 1162 affusa
1147 1114 1239 1184 aquae
1263 1114 1353 1192 gutta
1370 1093 1523 1180 diluitur,
1549 1089 1584 1164 ἃ
1605 1095 1718 1184 incipit
1739 1097 1866 1184 vivere,

343 1220 418 1271 turn
434 1193 587 1285 quaelibet
603 1188 716 1260 librilla
732 1207 820 1258 natat
834 1186 929 1257 instar
942 1187 1178 1281 anguillarum,
1202 1191 1360 1281 quaesunt
1373 1195 1407 1262 in
1426 1192 1538 1281 aspero
1554 1211 1660 1262 aceto.
1711 1187 1866 1286 Quomo-

346 1294 489 1367 dohaec
515 1288 632 1360 infesta
654 1282 789 1356 interfici
817 1283 952 1375 possint,
980 1284 1109 1356 tradidit
1133 1285 1338 1377 Bradleyus,
1364 1287 1566 1360 confirmavit
1587 1286 1815 1362 Needhamus:
1840 1288 1864 1360 fi

345 1410 467 1482 nempe
489 1387 554 1458 hoc
567 1383 671 1455 'secale
688 1381 790 1473 spatio
812 1403 858 1472 30
884 1381 1034 1452 horarum
1045 1380 1179 1476 jaciatur
1196 1386 1230 1455 in
1245 1387 1345 1459 muria
1359 1383 1454 1471 forti,
1480 1405 1518 1456 ac
1532 1384 1661 1457 alumen
1677 1386 1772 1458 etiam
1785 1406 1865 1458 con·

346 1493 486 1560 tinente:
512 1481 702 1573 ceteroquin
717 1478 773 1550 diu
792 1498 922 1550 manent
940 1481 1019 1550 viva.

391 1599 423 1697 ᾗ.
450 1591 732 1668 hlthCCXlX.
751 1589 864 1662 ¹Fiunt
890 1589 1020 1662 nebulae
1041 1591 1129 1664 coelo
1154 1596 1355 1686 tranquillo,
1387 1615 1519 1670 carente
1541 1618 1668 1683 vento,
1700 1559 1866 1686 fiunquam

347 1716 501 1793 regnante
518 1710 616 1765 vento
638 1685 879 1780 impetuosrori,
904 1707 1011 1776 aquo
1029 1685 1132 1757 solent
1152 1690 1309 1780 discerpi,
1334 1694 1493 1782 propelli,
1519 1695 1636 1766 discuti
1659 1696 1801 1786 partibus
1824 1717 1869 1765 ee·

349 1795 454 1888 qualia
474 1786 635 1862 intervalla
651 1784 881 1878 perdentibus,
897 1777 932 1852 ἃ
948 1780 1032 1871 saepe
1049 1786 1083 1853 in
1102 1786 1278 1856 concilium
1301 1791 1443 1874 coactis,
1459 1790 1542 1859 adeo
1561 1812 1596 1860 ut
1614 1811 1680 1861 tun]
1699 1794 1730 1860 in
1748 1793 1868 1862 tenuis·

347 1894 458 1964 simam
480 1905 642 1961 vertantur
663 1883 814 1975 pluviam.
840 1879 1035 1970 Plerumque
1057 1879 1264 1952 observantur
1279 1882 1421 1972 vesperi,
1454 1885 1601 1974 inprimis
1628 1887 1648 1954 fi
1672 1886 1719 1955 sol
1735 1888 1868 1958 diurnus

349 2010 485 2065 terram,
501 1981 536 2056 ἃ
552 2003 669 2073 aquam
685 1978 778 2051 valde
790 1975 993 2062 calefecerit,
1010 1997 1120 2068 coque
1134 1978 1307 2050 occidente
1324 1980 1379 2049 aer
1393 1981 1459 2048 cito
1474 1978 1694 2075 refrigeretur:
1721 1985 1754 2050 in
1777 1983 1864 2054 hunc

347 2088 434 2157 enim
452 2081 612 2154 calesadlae
627 2095 802 2168 corporum
818 2073 1030 2160 terrestrium,
1051 2071 1085 2143 dt
1102 2097 1194 2165 aquae
1211 2096 1317 2166 partes
1334 2074 1526 2146 adscendere
1542 2075 1675 2166 copiose
1683 2097 1867 2172 coguntur,

346 2204 419 2274 quae
434 2176 552 2273 frigido
575 2191 784 2246 occurrentes
798 2175 864 2245 aeti
882 2169 1137 2252 condensantur,
1166 2167 1285 2238 &rum
1303 2172 1355 2240 sua
1376 2171 1599 2257 multitudine,
1626 2193 1694 2242 tum
1713 2173 1869 2246 denstate

345 2274 552 2368 conspicuam
569 2271 721 2342 nebulam
739 2269 893 2337 formant.
946 2263 1024 2331 Hoc
1039 2267 1203 2352 precipue
1225 2257 1258 2332 in
1282 2263 1398 2357 Belgio
1422 2263 1531 2347 Vere,
1554 2264 1588 2333 &
1606 2271 1793 2350 Autumno,
1819 2292 1869 2339 ta·

344 2379 411 2448 rius
425 2369 555 2441 AEllate
573 2362 756 2456 contingit:
772 2365 847 2450 quia
863 2363 947 2429 inter
964 2356 1060 2428 aeslivi
1075 2359 1156 2429 a‘e'ris
1172 2357 1410 2449 vespertmum,
1427 2356 1460 2428 ἃ
1477 2359 1629 2430 diurnum
1647 2361 1790 2431 calorem
1809 2367 1869 2435 mi·

346 2492 409 2543 nus
424 2462 616 2535 discriminis
632 2457 699 2543 est,
726 2478 823 2545 quarn
842 2476 990 2546 tempore
1006 2457 1109 2541 veris,
1123 2456 1175 2526 vel
1194 2461 1361 2542 autumni3
1382 2478 1448 2528 tum
1467 2460 1541 2546 quia
1552 2458 1641 2529 calor
1655 2459 1736 2528 airis
1752 2459 1869 2548 aestivi,

349 2561 470 2638 etiamsi
493 2556 683 2646 vespertini,
708 2552 904 2649 assurgentes
926 2551 1084 2622 anhelitus
1108 2575 1177 2624 non
1202 2555 1405 2640 condensat,
1441 2553 1494 2625 sed
1517 2560 1626 2646 potius
1650 2555 1787 2627 secretos
1811 2581 1870 2650 pet

348 2665 458 2733 aerem
472 2654 650 2745 dillribuit,
666 2671 701 2721 ut
723 2650 903 2742 pellucidus
925 2668 1061 2721 maneat.
1102 2648 1222 2719 ¹Etiam
1247 2652 1376 2722 nebulae
1398 2674 1493 2722 mane
1519 2652 1559 2723 ad
1576 2654 1649 2724 solis
1665 2667 1773 2724 ortum
1790 2676 1870 2727 con·

349 2762 499 2851 tingunt,
526 2751 776 2821 cumaErcitius
793 2747 966 2817 abeodem
988 2745 1150 2818 radiorum
1172 2747 1283 2818 calore
1310 2752 1459 2832 rarescit,
1486 2771 1583 2838 quam
1607 2774 1680 2840 quae
1699 2753 1730 2818 in
1755 2771 1797 2821 eo
1822 2753 1871 2822 su·

350 2852 549 2946 spenduntur
564 2846 728 2931 exhalata,
752 2844 824 2914 hoec
842 2845 939 2939 igitur
951 2842 1017 2934 jam
1033 2844 1107 2913 aere
1129 2842 1279 2934 specifice
1299 2847 1444 2940 graviora
1468 2844 1683 2915 descendunt:
1708 2844 1762 2914 sed
1788 2855 1879 2937 quo-'

351 2971 417 3041 que
431 2971 449 3018 a
465 2946 560 3016 radiis
583 2941 654 3012 solis
677 2940 826 3013 deorsum
843 2940 1026 3030 pelluntur,
1042 2940 1089 3009 uri
1103 2938 1210 3011 fumus
1221 2961 1266 3010 ex
1282 2943 1430 3011 camino:
1458 2939 1555 3010 solem
1575 2961 1735 3030 opacant,
1754 2961 1789 3012 ut
1803 2943 1873 3033 pal·

350 3046 436 3117 lidus
453 3059 623 3135 appareat,
649 3038 818 3126 illaefisque
838 3035 941 3107 oculis
960 3036 1093 3126 spedlari
1120 3035 1224 3126 poffit.
1275 3037 1491 3126 Frequentius
1514 3036 1758 3127 conspiciuntur
1780 3061 1871 3111 men·

351 3139 627 3229 stbushybemis,
651 3132 810 3217 Octobri,
838 3131 1042 3212 Novembri,-
1068 3128 1271 3218 Decembri,
1295 3131 1469 3223 Januario,
1494 3131 1693 3216 Februario,
1720 3134 1871 3222 Martio,

350 3241 450 3309 ratius
473 3234 603 3314 estivis,
627 3229 946 3320 utilllayo,Junio,
962 3227 1071 3318 Julio,
1088 3227 1258 3322 Augusto:
1284 3250 1418 3319 propter
1440 3227 1633 3315 hyemalium
1649 3231 1874 3302 menfiumsri·

351 3357 410 3430 gus
428 3337 459 3403 in
476 3327 707 3419 atmosphaers,
733 3327 823 3416 quod
840 3324 1037 3420 assurgentes
1052 3323 1234 3410 anhelitus,
1258 3322 1293 3393 δε
1309 3346 1446 3414 caperes
1470 3322 1574 3394 subito
1599 3325 1792 3396 condensat:
1816 3347 1874 3419 pa·

353 3451 419 3518 tet,
444 3431 467 3500 st
486 3427 603 3516 hyeme
618 3427 759 3493 animam
775 3421 884 3507 eilias,
909 3419 1064 3490 nebulam
1082 3421 1190 3504 vides,
1207 3421 1298 3511 cujus
1313 3419 1437 3491 nullum
1453 3421 1561 3492 aellate
1578 3423 1703 3518 sgnum
1718 3422 1776 3496 est.

403 3619 526 3706 Leydae
553 3613 717 3681 observavi
744 3605 853 3677 mense
878 3606 1026 3699 Januar.
1053 3607 1148 3679 Febr.
1175 3605 1319 3680 Martio.
1344 3611 1468 3701 Aprili.
1493 3612 1600 3700 Majo.
1628 3615 1743 3703 Junio,
1768 3619 1875 3707 Jupp„

899 3724 994 3898 ἐξ
1014 3705 1189 3897 ὃφῗιξῇὖν.
1215 3730 1359 3874 &gelra
1379 3725 1837 3880 11Ν13.οἰ·εηιὺἓὲ.Πειέἧιῶνιζςιο

927 3921 959 3969 2·
1081 3917 1135 3990 ¹3·
1261 3917 1320 3992 52·
1454 3902 1513 3992 96·
1648 3905 1709 3997 98.

358 4006 492 4083 nebulas
517 4006 617 4098 spatio
645 4019 691 4091 29
715 4015 886 4068 annorum.

409 4188 448 4257 ln
464 4185 547 4255 locis
561 4180 642 4271 polo
658 4179 917 4270 septemtrionali
936 4181 1068 4262 vicinis,
1091 4178 1141 4247 uti
1165 4176 1197 4245 in
1223 4171 1468 4260 Groenlandia,
1494 4177 1574 4248 Sinu
1597 4175 1768 4268 Hudsoni,
1793 4181 1875 4255 Ter·

359 4307 393 4358 12
412 4281 530 4371 Nova,
549 4275 696 4363 Acadia,
723 4273 873 4347 &insula
892 4274 1019 4370 Regia,
1047 4277 1079 4344 in
1096 4274 1161 4363 qus
1186 4270 1289 4342 solum
1307 4272 1476 4352 humidum
1495 4274 1617 4346 ntultus
1633 4299 1767 4366 vapores
1783 4301 1877 4352 eruc·

359 4402 424 4462 rat,
449 4380 612 4449 continua:
643 4373 711 4444 fere
735 4371 806 4443 suin
832 4373 979 4453 nebula,
1004 4371 1174 4456 humidae,
1199 4368 1330 4451 densae,
1366 4369 1578 4463 pluribusque
1607 4372 1638 4443 se
1669 4373 1875 4464 sequentibus

357 4478 472 4547 diebus
496 4471 656 4563 perstant,
681 4472 826 4561 inprimis
842 4469 948 4556 Vere,
970 4464 1188 4539 &Autumno
1215 4467 1301 4559 (l),
1328 4466 1381 4536 sed
1400 4466 1470 4537 sunt
1488 4493 1623 4562 quoque
1641 4474 1673 4542 in
1691 4470 1875 4545 Groenlan·

357 4574 411 4644 dra
435 4569 540 4640 aestate
562 4588 667 4659 prope
686 4566 795 4639 littora
819 4570 956 4640 marina:
984 4568 1059 4658 quia
1082 4570 1116 4637 in
1141 4564 1293 4662 frigidum
1316 4567 1424 4636 ostem
1449 4565 1644 4666 assurgentes
1666 4592 1800 4664 vapores
1821 4594 1876 4644 ce·

1769 4669 1877 4741 leriter

400 4827 455 4905 (a)
478 4822 646 4896 Philosoph.
667 4825 814 4885 Transast-
835 4829 970 4900 Numer.
992 4830 1018 4888 dt
1039 4829 1266 4907 Microscopical
1284 4829 1504 4892 Observations.
1527 4832 1619 4910 Chnp.
1646 4839 1674 4896 8.
1805 4887 1808 4892 .

400 4911 458 4980 (h)
482 4907 562 4963 Hans
593 4902 690 4974 Egede
720 4905 748 4959 in
778 4906 920 4981 Descript.
950 4910 1128 4969 Groenland.
1158 4911 1228 4983 Cap.
1253 4925 1296 4967 ιν.
1327 4909 1399 4968 Ellls
1428 4911 1550 4990 Vopage
1582 4928 1614 4975 to
1642 4909 1778 4978 Hudsem
1799 4905 1873 4986 501·

360 5004 426 5065 pag.
452 4999 518 5056 17¹·
541 4982 668 5043 Chahett
688 4982 808 5061 Vopege
829 4984 872 5047 lut
891 4986 932 5051 lcs
955 4987 1042 5053 cotes
1066 4988 1101 5051 de
1128 4987 1383 5140 ifirsserssq381qfit
1403 5005 1433 5066 p.
1456 4995 1530 5062 4ss·
1676 5005 1682 5016 ·
1768 5021 1773 5034 ι
1812 5015 1820 5032 .
