4992 6767
553 697 1630 817 nnmnrnontsaounrs.
1767 709 1849 818 aaa

325 938 389 996 nec
415 910 526 984 lixivio
552 900 719 981 aluuliuo,
753 913 814 994 nec
843 891 993 984 sridiiorre
1019 894 1219 984 delebilem3
1256 898 1323 991 lpst
1347 899 1456 993 liquor
1486 901 1582 973 udat
1606 901 1744 992 Spiritus
1768 902 1848 977 Vini

328 1008 589 1087 inflammabatur
615 999 700 1092 (a):
726 994 940 1066 Rositerunr
965 991 1166 1080 deminus,
1192 997 1314 1069 odidui
1339 1000 1441 1090 spatio
1464 999 1670 1090 lenitepore
1688 999 1849 1093 digestus,

330 1114 429 1183 series
453 1101 654 1180 destinatus,
680 1094 764 1164 adeo
786 1088 908 1160 subtilis
935 1090 1057 1178 evasrt,
1090 1110 1127 1164 ut
1155 1096 1214 1165 tria
1237 1094 1308 1166 vasa
1331 1098 1431 1167 vitrea
1452 1096 1612 1194 fregerit,
1645 1117 1779 1168 manens
1806 1118 1848 1166 ta·

328 1231 405 1281 men
430 1199 605 1292 insipidus,
629 1192 705 1263 licet
724 1210 832 1260 meros
861 1185 986 1278 spiritus
1006 1185 1137 1260 referret
1162 1190 1245 1286 (b):
1270 1189 1366 1265 Nob.
1386 1192 1517 1266 Grirnnr
1537 1199 1570 1264 in
1594 1191 1725 1266 Batavia
1746 1194 1849 1265 Indo·

330 1328 402 1379 rurn
428 1300 554 1371 summo
578 1311 672 1363 mane
696 1307 771 1358 ante
796 1284 880 1356 Solis
907 1307 1014 1356 ortum
1040 1307 1147 1357 rorem
1171 1289 1391 1384 colligendum
1425 1293 1572 1378 curavit,
1607 1311 1705 1382 quern
1730 1291 1851 1382 saporis

331 1402 408 1475 salso
442 1386 627 1467 acidiusculi
663 1383 697 1457 dt
729 1382 878 1456 nonnihil
901 1383 1051 1454 vitriolati
1074 1388 1261 1478 comperit:
1289 1385 1444 1474 filtratus,
1468 1385 1503 1458 dt
1525 1387 1592 1458 leni
1615 1388 1723 1459 calore
1745 1386 1854 1459 balnei

333 1514 524 1589 evaporatus
555 1487 643 1559 dedit
673 1484 834 1575 liquorem
867 1478 1085 1570 ponderosum
1115 1482 1237 1554 coloris
1269 1482 1367 1555 llari:
1400 1486 1441 1556 ab
1476 1505 1556 1556 auro
1586 1481 1723 1555 immillo
1749 1484 1854 1576 pulvis

333 1596 497 1669 subluteus
520 1605 665 1702 praeceps
689 1580 804 1692 datus,
829 1597 908 1645 auro
932 1574 1110 1646 admodum
1135 1600 1248 1668 parurn
1275 1581 1317 1650 de
1340 1580 1397 1653 suo
1418 1583 1568 1674 pondere
1588 1583 1783 1653 amittente:
1807 1601 1857 1651 ar·

333 1712 470 1862 iiiiii
493 1674 819 1874 &disdailida
832 1670 1194 1841 ‘hillidii
1211 1697 1252 1841 i,
1272 1669 1863 1846 bra‘niiainiili‘lli

333 1891 415 1960 bat:
451 1879 685 1960 Mercurium,
719 1870 834 1964 Jovem
859 1861 894 1936 ἃ
922 1863 1093 1935 Saturnum
1117 1869 1150 1937 in
1176 1866 1339 1959 liquorem
1366 1869 1476 1940 album
1507 1891 1582 1939 curn
1609 1891 1651 1940 eo
1675 1871 1862 1965 redigebat,

336 1987 392 2076 qui
418 1975 631 2051 destillatione
657 1970 821 2061 spiritum,
846 1960 940 2032 instar
964 1964 1046 2030 aceti
1072 1959 1239 2054 destillati,
1265 1963 1320 2034 sed
1351 1965 1457 2035 multo
1486 1964 1654 2034 fortiorem
1680 1962 1862 2055 suppedita-

334 2085 411 2163 bat:
437 2082 470 2147 in
494 2071 614 2143 collum
640 2086 769 2136 retorta
793 2060 933 2131 candido
958 2055 1139 2146 crystallino
1166 2058 1227 2131 sale
1254 2060 1350 2132 instar
1371 2059 1532 2133 Mercurii
1562 2059 1719 2130 sublimati
1754 2060 1784 2128 se
1815 2080 1862 2128 at·

338 2178 498 2255 tollente,
531 2161 694 2254 superstite
716 2163 750 2229 in
772 2155 875 2228 fundo
895 2153 956 2225 sale
977 2155 1093 2223 marini
1116 2158 1237 2224 aemulo
1265 2157 1350 2247 (c).
1386 2151 1593 2226 Henshavius
1627 2152 1863 2249 diligentiilime

336 2274 462 2345 Rorem
488 2262 708 2341 examinavit,
742 2273 885 2337 eumque
911 2253 944 2315 in
968 2247 1132 2315 Britannia
1159 2267 1309 2317 recenter
1332 2247 1538 2332 collelium,
1571 2251 1780 2336 colatumque
1805 2272 1863 2340 pe:

336 2372 471 2441 linteum
491 2373 610 2446 purum
633 2344 848 2437 deprehendit
869 2339 998 2410 subllavi
1022 2341 1142 2411 urinoii
1166 2343 1312 2415 coloris:
1346 2365 1421 2414 rore
1445 2344 1631 2436 hujusmodi
1658 2343 1764 2434 majali
1793 2343 1867 2435 plu·

337 2486 390 2538 res
411 2454 589 2529 alembicos
613 2465 725 2515 coecos
746 2443 830 2511 varia
852 2438 1067 2527 proportione
1090 2439 1259 2530 impleuit,
1284 2442 1412 2533 aliquos
1434 2442 1561 2511 immisrt
1577 2440 1677 2523 limo,
1702 2441 1783 2510 alios
1798 2438 1870 2511 bal·

339 2581 424 2639 neu,
449 2570 485 2623 ut
503 2546 628 2617 foveret
651 2557 756 2630 usque
774 2539 806 2606 in
823 2535 1050 2625 putredinem
1079 2533 1224 2607 laborem
1242 2539 1382 2609 duorum
1403 2537 1558 2610 mensum
1575 2536 1677 2629 spatio
1693 2538 1867 2628 produxit,

340 2654 430 2727 nulia
453 2646 580 2717 interim
613 2634 803 2730 putrrsat‘iio
834 2632 976 2716 oborta,
1000 2652 1076 2701 rore
1097 2653 1248 2705 manente
1269 2636 1390 2721 dulci,
1418 2633 1453 2705 δι
1480 2639 1639 2707 continuo
1672 2635 1865 2724 limpidiori:

340 2749 453 2845 pallea
478 2760 584 2815 rorem
605 2735 796 2815 exficcavit,
816 2729 981 2817 ,secesque
1013 2729 1174 2801 terrestres
1198 2734 1276 2826 igne
1297 2732 1443 2803 violento
1474 2753 1516 2801 ex
1541 2752 1660 2803 retorta
1683 2731 1867 2816 destillans,

340 2845 475 2937 collegit
500 2834 650 2916 maliana,
676 2852 717 2900 ex
739 2827 833 2907 Sale,
850 2823 885 2895 dt
901 2823 1065 2912 Sulphure
1081 2845 1168 2896 certa
1192 2831 1408 2919 proportione
1431 2828 1550 2911 millis,
1573 2828 1785 2897 constantem.
1811 2827 1868 2896 Ex
1932 2883 1936 2892 .

340 2946 402 3014 hac
426 2943 536 3008 iterata
550 2919 848 3098 stcaaicrnarione,&
873 2919 1096 3012 percolatione
1112 2927 1251 2996 extraxit
1278 2924 1386 2996 Salem
1404 2923 1536 3009 album,
1560 2919 1747 3007 volatilem,
1770 2920 1868 2991 hexa-

367 3056 489 3115 0nurn,
515 3034 547 3100 in
594 3024 719 3096 rnitri.

392 3128 560 3221 Ultrajecii
585 3128 618 3193 in
642 3117 863 3190 obseruatorio
888 3115 1120 3185 listronornico
1146 3112 1276 3186 Rorem
1300 3115 1441 3212 collegi,
1467 3119 1524 3207 qui
1549 3132 1616 3187 crat
1643 3113 1811 3200 turbidus,
1835 3135 1871 3186 a·
1936 3099 1941 3104 ¹

342 3235 523 3323 liquantum
546 3221 743 3299 flavescens,
768 3233 844 3283 curn
867 3209 1049 3280 intermistis
1074 3208 1219 3295 libnllis,
1245 3231 1307 3283 nec
1339 3211 1476 3296 odoris,
1502 3231 1564 3283 nec
1591 3207 1712 3301 saporis
1737 3229 1872 3301 expers:

342 3333 375 3402 in
397 3329 510 3420 lagena
534 3314 637 3388 clausa
661 3331 770 3383 rorem
792 3308 941 3390 serrari:
977 3306 1091 3398 elapsis
1111 3307 1236 3378 duabus
1258 3307 1442 3399 septimanis
1464 3310 1574 3379 multae
1605 3308 1702 3380 faeces
1729 3303 1770 3375 ad
1798 3302 1874 3377 fun·

344 3428 421 3496 durn
448 3419 609 3493 fiderunt,
633 3411 704 3481 aliae
727 3407 824 3476 iaces
849 3403 1026 3492 superficiei
1052 3406 1263 3474 innatabant:
1298 3406 1339 3473 ad
1365 3405 1543 3476 distantiam
1567 3404 1697 3496 pollicis
1726 3399 1876 3474 isundo

345 3515 529 3590 leviusculae
552 3510 648 3575 faeces
671 3521 812 3600 quoque·
830 3498 1055 3577 fluctuabant,
1081 3497 1132 3566 hae
1156 3519 1249 3583 erant
1271 3499 1431 3588 pelliculis
1454 3499 1570 3570 similes
1587 3500 1708 3570 coloris
1732 3499 1875 3585 cinerei;

349 3613 423 3686 Ros
447 3606 617 3671 fortiorem
640 3597 778 3660 odorem
801 3607 865 3675 qam
889 3584 1081 3678 spargebat:
1116 3585 1217 3659 Roris
1243 3607 1316 3676 pars
1339 3593 1501 3678 purlisnna
1525 3594 1679 3660 destillata
1705 3591 1875 3682 usquead

348 3700 519 3780 dimidium
543 3690 682 3784 praebuit
704 3685 867 3774 liquorem
889 3677 1164 3770 limpidiffimum,
1195 3683 1422 3773 purissimum,
1447 3685 1568 3757 coloris
1595 3703 1783 3777 expertem,
1809 3687 1877 3757 stne

350 3804 423 3878 ullis
439 3792 584 3872 fibrinis,
609 3784 663 3856 sed
685 3779 807 3886 aliquid
832 3777 967 3847 ambusti
990 3775 1165 3863 referebat,
1191 3778 1389 3880 necsaporis
1402 3802 1540 3873 expers,
1567 3781 1712 3873 ejusdem
1730 3779 1791 3851 fult
1804 3803 1877 3877 gra-

349 3899 455 3975 vitatis
474 3885 631 3981 specifice
656 3901 695 3951 ac
717 3878 842 3969 pluria:
867 3871 982 3943 affusus
1006 3893 1097 3961 aquae
1120 3869 1218 3959 sorti,
1244 3897 1300 3946 aut
1319 3875 1451 3950 Lixivio
1470 3878 1652 3964 Alcalino,
1687 3878 1812 3949 nullum
1837 3875 1876 3948 li·

351 4016 452 4096 gnum
474 3978 724 4058 effervescentia:
748 3973 854 4043 dedit:
877 3969 949 4062 post
972 3968 1240 4060 destillationem,
1276 3979 1309 4046 in
1335 3973 1485 4063 residuo,
1510 3978 1603 4067 quod
1621 3975 1741 4047 liceum
1759 3972 1875 4048 &ten

352 4145 447 4217 teiire
469 4153 557 4219 crat,
581 4129 674 4220 sapor
690 4103 759 4195 eret
781 4119 894 4204 salsus,
918 4139 1061 4190 amarus:
1087 4140 1129 4188 ex
1154 4087 1247 4223 56¹3
1266 4120 1426 4190 drachmis
1449 4141 1552 4190 unum
1575 4122 1680 4191 modo
1708 4121 1779 4190 salis
1804 4142 1879 4215 gra·

355 4308 430 4363 narn
453 4279 695 4374 colligebatur,
727 4268 819 4360 quod
846 4289 956 4356 pnmae
980 4266 1104 4334 ardenti
1127 4262 1313 4351 impositum
1336 4287 1403 4336 non
1427 4266 1587 4350 ardebat,
1623 4264 1677 4336 sed
1698 4253 1876 4340 ¹inflabatur

353 4384 447 4458 instar
467 4378 649 4476 Alurninis,
668 4369 720 4442 vel
745 4368 897 4448 lloracis3
925 4361 966 4432 sal
994 4365 1046 4431 hic
1069 4362 1158 4446 illico
1181 4360 1277 4472 euasit
1302 4362 1441 4434 volatilis
1463 4364 1572 4460 relitli
1593 4369 1674 4448 terra
1693 4363 1797 4462 'baini
1821 4375 1878 4431 co·

351 4533 454 4656 loris,
476 4523 568 4614 cujus
592 4518 723 4612 pondus
747 4535 815 4586 erat
836 4514 926 4609 grani
953 4473 1008 4640 ἑ.
1059 4506 1188 4582 Rorem
1217 4511 1251 4583 in
1275 4509 1379 4584 clausa
1405 4512 1512 4607 phiala
1538 4493 1655 4591 seruari
1672 4563 1685 4606 ,
1701 4489 1754 4588 ¹&
1777 4479 1881 4605 quali·

1603 4731 1609 4740 .
1714 4680 1727 4740 .·
1825 4660 1881 4732 bet

429 4800 488 4873 (a)
508 4797 669 4873 Republiq.
690 4796 741 4858 des
762 4796 888 4857 Lettres.
911 4795 999 4856 Tam.
1026 4810 1052 4856 ι.
1074 4812 1138 4874 pag.
1158 4812 1223 4872 590.

429 4880 469 4955 (d
512 4877 696 4952 Repubiique
719 4877 769 4932 des
791 4877 902 4934 Lettres
926 4879 978 4933 Aa
999 4881 1081 4944 Ποῦ.
1104 4895 1160 4952 pag
1200 4891 1263 4950 152.
1460 4911 1465 4922 ·
1620 4933 1626 4944 ,
1683 4899 1700 4942 ,·
1775 4929 1779 4936 .

429 4950 1422 5036 (r)1-2pheurerid.iiatur.Curiosllearuadaaobdsta
1535 4977 1572 5026 η
1654 5011 1662 5020 .

1149 5065 1344 5138 iiiiiia
