4992 6767
612 707 1532 816 utrcrsoumuunutuun
1763 736 1843 845 rur

317 935 424 1008 lucem
449 936 481 1003 in
500 945 732 1021 quemcunque
759 924 892 1006 locum,
916 924 973 993 ubi
999 943 1092 995 antea
1115 946 1183 995 non
1207 921 1342 1007 aderat,
1369 924 1526 1021 dirigere:
1552 923 1708 998 Prismate
1731 929 1842 999 vitreo·

320 1033 423 1105 radius
444 1029 515 1098 solis
537 1024 696 1097 rotundus
719 1022 903 1116 refringitur
926 1023 959 1091 in
985 1022 1164 1118 oblongam
1188 1023 1384 1116 imaginem,
1411 1044 1484 1113 quae
1507 1026 1601 1095 variis
1626 1023 1671 1092 est
1687 1023 1842 1095 instructo

318 1126 504 1200 coloribus:
539 1124 619 1193 radii
645 1118 843 1202 eoloratiab
866 1117 930 1188 alio
951 1121 1104 1209 prismate
1131 1118 1256 1191 resratii
1279 1120 1395 1188 iterum
1421 1139 1462 1189 ex
1486 1119 1613 1192 suavia
1637 1121 1842 1212 detorquen-

320 1243 387 1295 rurr
414 1221 493 1293 Hoc
518 1240 619 1293 omne
640 1216 709 1287 heri
734 1237 803 1285 non
826 1212 952 1305 posset,
977 1216 1034 1284 nist
1059 1215 1115 1285 lux
1134 1216 1176 1284 de
1197 1215 1276 1285 loco
1301 1217 1334 1284 in
1359 1214 1471 1286 locum
1496 1238 1692 1290 moveretur.

363 1328 414 1411 5⁰.
439 1319 513 1390 lmo
537 1322 571 1389 in
597 1314 841 1386 tesratiionibus
863 1331 922 1403 per
945 1311 1066 1383 diuersa
1097 1311 1204 1384 media
1230 1310 1512 1386 accelerantur&
1532 1316 1732 1388 retardantur
1756 1314 1840 1387 radii

315 1415 421 1509 locis,
445 1416 595 1506 adeoque
617 1429 799 1483 mouentur.
1300 1459 1303 1464 .

356 1562 407 1730 [p.
443 1553 718 1634 MDCLXXlX·
754 1550 853 1626 eant
873 1558 972 1651 igitur
993 1556 1139 1628 dodhina
1158 1546 1324 1626 acutiilimi
1347 1551 1491 1628 C'artesri'
1509 1557 1616 1651 (a),
1650 1562 1711 1649 qui
1729 1558 1842 1630 lucem:

320 1662 353 1732 di
380 1659 466 1730 usam
489 1679 548 1749 per
569 1652 762 1730 Universum
788 1655 980 1743 corporibus
1005 1656 1139 1745 plenum
1166 1653 1396 1743 concipiebat,
1422 1675 1558 1744 eamque
1581 1678 1599 1725 a
1624 1675 1763 1745 corpore
1788 1656 1838 1726 lu·

319 1776 415 1829 cente
434 1757 567 1848 premi,
600 1748 734 1844 pressam
758 1752 882 1842 percipi
909 1750 950 1819 ab
973 1750 1072 1822 oculo
1095 1749 1139 1819 ad
1163 1748 1298 1819 alterum
1322 1750 1401 1820 radii
1427 1771 1635 1833 extremum,
1669 1773 1736 1823 non
1761 1768 1843 1824 vero

319 1855 407 1925 exire
428 1851 601 1948 arguebat:
627 1849 661 1920 st
682 1868 787 1919 autem
811 1846 882 1916 hac
904 1846 1089 1937 hypothesis
1109 1867 1183 1917 vera
1208 1842 1304 1931 esset,
1330 1844 1427 1916 nullae
1452 1869 1594 1937 unquam
1619 1846 1727 1919 forent
1751 1868 1840 1919 tene·

319 1953 407 2034 brae,
433 1951 507 2040 quia
530 1949 617 2018 enim
639 1946 693 2015 lux
718 1942 763 2014 est
787 1941 945 2027 fluidum,
970 1942 1063 2035 hujus
1089 1942 1219 2037 legibus
1239 1940 1440 2035 subjicietur,
1466 1966 1600 2033 quarum
1618 1943 1753 2033 sequens
1771 1944 1844 2028 est:

319 2048 355 2118 Si
370 2045 526 2130 fluidum,
548 2065 602 2115 vas
616 2040 756 2114 clausum
766 2039 922 2131 implens,
944 2041 977 2109 in
995 2040 1133 2131 quadam
1148 2060 1239 2129 parte
1253 2042 1430 2129 premitur,
1456 2039 1595 2129 pressura
1611 2062 1679 2131 quo
1700 2063 1846 2131 quover-·

319 2144 370 2216 sus
390 2145 423 2214 in
439 2140 614 2213 rotundum
635 2158 852 2233 propagatur,
877 2135 988 2227 estque
1000 2138 1143 2222 diresia,
1170 2136 1335 2227 opposta,
1362 2133 1397 2205 dt
1413 2136 1549 2208 lateralis
1565 2137 1719 2229 quelibet
1732 2158 1840 2229 aequt·

318 2239 380 2313 ht:
417 2238 464 2312 Sit
486 2237 553 2330 jam
586 2235 645 2307 Sol
675 2235 768 2305 cause
798 2255 982 2324 prement,
1014 2233 1155 2304 mundus
1188 2233 1225 2302 stt
1256 2254 1310 2304 vas
1342 2231 1422 2300 lucis
1447 2232 1607 2321 plenum,
1640 2234 1695 2304 lux
1720 2258 1739 2304 a
1763 2229 1843 2307 Sol'e

318 2332 442 2430 pressa,
463 2328 530 2406 &a
547 2332 665 2404 linibus
680 2330 806 2401 Mundi
824 2326 983 2416 repressa,
1015 2325 1260 2416 quoquoversus
1275 2347 1464 2417 premetur,
1483 2328 1558 2398 ideo
1573 2318 1690 2400 oculus
1708 2332 1843 2402 ubicun-

320 2453 385 2525 que
407 2433 441 2502 in
459 2429 585 2499 mundo
601 2426 723 2517 positus
736 2421 924 2525 pressusque
940 2420 961 2493 ai
977 2422 1050 2493 luce
1066 2422 1208 2504 videbit,
1233 2444 1294 2493 nec
1312 2423 1483 2494 discrimen
1498 2423 1575 2510 erit,
1597 2426 1659 2496 slve
1678 2426 1735 2497 Sol
1752 2426 1847 2518 supra·

320 2530 530 2600 horizontem
556 2540 726 2606 moretur,
763 2518 825 2588 five
854 2516 933 2589 insta
961 2540 1035 2590 eum
1069 2518 1254 2602 occiderit;
1286 2518 1355 2610 ejus
1380 2520 1501 2610 pressus
1526 2522 1559 2591 in
1584 2544 1717 2596 omnem
1742 2524 1845 2596 ambi·

324 2647 422 2705 tum,
448 2617 483 2688 dt
504 2619 546 2688 ab
574 2616 697 2684 ambitu
717 2612 875 2702 repressus
900 2614 1042 2697 efficiet,
1068 2633 1104 2683 ut
1129 2616 1243 2684 oculus
1272 2615 1396 2706 semper
1422 2616 1533 2689 Solem
1558 2619 1677 2691 visurus
1701 2621 1752 2691 srt:
1780 2622 1848 2693 hoc

324 2738 435 2789 autem
467 2712 674 2805 experientiae
704 2727 890 2804 repugnat,
924 2731 1000 2779 cum
1021 2712 1121 2780 nodu
1142 2710 1201 2780 fint
1224 2711 1376 2781 tenebrae.
1431 2734 1479 2784 20.
1506 2715 1573 2785 Sed
1600 2717 1696 2788 nullae
1721 2721 1846 2790 umbrae

326 2814 462 2891 forent,
501 2830 576 2880 nam
601 2807 655 2876 lux
678 2828 751 2895 quae
772 2805 893 2893 jaceret
914 2805 988 2897 post
1012 2826 1132 2896 corpus
1154 2826 1324 2896 opacum,
1358 2808 1473 2897 aequali
1498 2813 1529 2880 vi
1554 2830 1786 2904 premeretur,
1810 2832 1850 2883 ac

325 2931 400 2999 quar
427 2902 685 2996 corporislaterr
699 2902 821 2969 diredle
838 2899 980 2995 stringit,
1005 2922 1080 2970 cum
1104 2899 1243 2972 fluidum
1269 2925 1362 2994 aequa
1388 2906 1419 2977 vi
1435 2904 1626 2989 lateraliter,
1650 2929 1747 2998 quam
1763 2911 1853 2979 retia

322 3021 460 3098 premat.
519 3018 569 3098 3⁰·
603 2998 650 3068 Sit
673 2995 793 3092 globus
819 2995 901 3064 lucis
931 2998 948 3064 d
971 2996 1118 3087 plurimis
1148 2997 1218 3066 aliis
1242 2999 1488 3086 circumdatus,
1523 3005 1578 3094 qui
1603 3003 1732 3074 diversis
1755 3005 1850 3095 prelsr

325 3097 555 3173 diresiionibus
585 3093 720 3190 globum
751 3092 977 3162 intermedium
1004 3096 1248 3184 comprimant,
1280 3093 1340 3164 hic
1360 3116 1476 3166 omnes
1501 3101 1674 3188 reprimere
1699 3100 1851 3171 direslio·

328 3200 424 3270 nibus
452 3190 589 3264 adversis
608 3209 766 3274 tenetur3
794 3187 847 3257 sed
867 3188 901 3258 id
925 3187 994 3260 fieri
1019 3192 1160 3280 nequit,
1187 3191 1263 3278 quia
1287 3210 1402 3261 omnes
1428 3192 1578 3282 prellurae
1604 3196 1781 3265 ambientes
1807 3197 1854 3266 ad*

325 3316 423 3367 unam
448 3289 646 3362 reducuntur
667 3306 726 3377 per
747 3280 778 3381 §.
801 3304 904 3376 1259.-
930 3307 1004 3357 cum
1029 3308 1108 3356 vero
1134 3284 1210 3356 huic
1243 3290 1422 3378 opponitur
1446 3287 1567 3380 pressus
1591 3290 1770 3361 direelione
1794 3292 1850 3362 ad·

327 3390 442 3476 verso,
468 3406 585 3457 omnes
608 3382 840 3465 destruuntur,
866 3379 1054 3454 &chenus
1076 3381 1138 3452 fiet
1156 3383 1274 3453 nullus.
1326 3404 1378 3475 4⁰.
1403 3380 1473 3478 Qui
1492 3404 1601 3457 autern
1626 3382 1753 3484 lingunt
1777 3388 1854 3486 glo*

325 3490 389 3559 bos
415 3488 496 3557 lucis
521 3502 635 3574 pamm
662 3478 795 3561 distare,
821 3472 975 3548 &unum
1001 3478 1122 3569 impelli
1145 3481 1178 3549 in
1200 3478 1357 3564 alterum,
1382 3500 1419 3549 ut
1439 3502 1530 3553 hrota
1556 3486 1732 3574 temporis,
1758 3486 1851 3576 quod

328 3607 348 3653 a
376 3584 449 3653 luce
473 3578 698 3667 impenditur,
733 3573 913 3662 explicetur
933 3597 946 3655 ς
978 3574 1113 3663 spatium
1134 3596 1272 3644 vacuum
1295 3596 1443 3664 ponunt,
1469 3579 1560 3666 quod
1584 3600 1703 3673 negare
1728 3581 1857 3653 solentr

330 3680 479 3750 distantia
501 3677 591 3743 enim
611 3674 694 3741 inter
716 3668 836 3765 globos
858 3672 1027 3754 minimos,
1053 3692 1127 3760 quae
1151 3673 1258 3740 minor
1280 3671 1383 3765 globo
1408 3672 1465 3756 fit,
1490 3673 1536 3743 est
1560 3695 1683 3747 vacua:-
1702 3675 1758 3748 sed
1781 3677 1863 3770 sup·-

330 3777 466 3869 ponitur
488 3768 707 3855 intervallum,
733 3765 825 3857 quod
850 3764 886 3835 stt
906 3788 946 3836 an
970 3788 1038 3838 non
1063 3766 1118 3850 iit,
1142 3768 1272 3857 penitus
1296 3771 1474 3863 ignoratur.
1853 3813 1855 3818 -

379 3918 412 4015 s.
438 3909 697 3987 MDCLXXX.
724 3907 932 3977 Si'lhmmam
953 3908 1184 3999 rapiditatem,
1219 3931 1283 4001 qua
1311 3910 1384 3982 Lux
1411 3914 1495 3984 Solis
1520 3865 1696 4003 mouetur,
1722 3913 1757 3989 dr
1783 3921 1854 3990 exi·
1996 3939 2002 3948 ·

332 4039 416 4130 ee
438 4007 935 4177 serumserum
949 4006 1025 4170 ul
1041 4007 1853 4179 rerinlsemiermiumle

332 4112 612 4282 sibesrsorrcisransssusr
638 4125 726 4270 crsn
750 4199 838 4266 enirn
864 4124 969 4267 Ssrlqa·
986 4124 1088 4266 tgna
1115 4217 1243 4285 24000.
1270 4198 1521 4269 semidiametris·
1535 4203 1731 4273 terrestribus
1745 4132 1863 4275 rggtgm

336 4305 578 4378 Semidiameter
597 4318 678 4368 vero
698 4314 789 4365 terrae
812 4292 986 4363 secundum
1012 4292 1190 4363 mensuram
1211 4292 1463 4365 Geometrarum
1481 4300 1698 4368 recentiorum
1721 4298 1801 4392 (b)
1820 4302 1859 4373 ht-

335 4403 456 4496 pedum
484 4395 694 4488 19615782,
722 4393 782 4462 erit
800 4389 944 4461 distentia
970 4390 1055 4461 Solis
1079 4412 1098 4460 a
1117 4410 1199 4460 tetra
1214 4392 1516 4484 470788768000.
1535 4394 1675 4486 pedum:
1701 4394 1768 4469 hia
1784 4397 1858 4472 luce

336 4565 565 4643 percurruntur
579 4538 727 4625 intres,
757 4528 830 4633 13⁸⁸.
843 4536 992 4647 adeoque
1009 4538 1124 4611 rinuti
1142 4536 1271 4613 secundi
1288 4560 1435 4635 tempore
1452 4541 1553 4638 pedes
1572 4511 1860 4669 930809933÷

1782 4714 1861 4794 pet·

413 4882 473 4961 (a)
494 4884 639 4957 Dioptric.
660 4884 730 4960 erp.
752 4900 779 4943 r.
799 4887 826 4960 ς.
849 4902 877 4963 3.
899 4884 926 4945 dt
946 4884 974 4945 in
991 4884 1117 4966 lipiil'ol.¹
1134 4901 1181 4961 17.
1202 4899 1280 4966 ptrtt
1296 4904 1324 4949 a.

415 4960 814 5043 (inremuneratum
836 4965 890 5029 Ae.
913 4970 998 5040 1118·
1115 5039 1122 5054 f
1149 5012 1152 5018 ·
1413 5017 1416 5022 .
1500 4999 1504 5006 ·

1155 5057 1158 5064 Ι
1219 5100 1269 5178 Ss
1293 5041 1395 5198 segg
