4992 6767
586 687 1654 803 namuraonrsnounrs.
1761 717 1870 809 1007
1988 683 1993 689 ·

342 891 986 1056 26}.p011.Rhen01.lvittebergae
1017 903 1132 1046 16}.
1173 935 1317 1008 Berolini
1351 959 1397 1007 oo
1428 936 1510 1030 poll.
1544 936 1691 1010 erenol.
1726 941 1795 1035 (a)
1829 948 1866 1016 in

343 1086 518 1158 Britanniae
545 1087 711 1178 provincia
733 1081 904 1156 Lancassra
930 1101 973 1174 41
1003 1083 1084 1175 poll.
1108 1080 1255 1157 Londin.
1282 1083 1481 1177 Upminlleri
1512 1052 1629 1194 rp-Jz
1665 1086 1746 1178 poll.
1788 1088 1866 1180 Ply-

342 1233 446 1303 muthi
474 1254 541 1324 30,
561 1253 633 1324 909
658 1231 738 1324 poll.
764 1229 924 1318 Londini,
944 1228 1128 1328 Edinburgi
1157 1256 1223 1316 αα,
1245 1232 1321 1329 518
1347 1233 1428 1322 poll.
1454 1231 1520 1316 (b).
1547 1232 1688 1323 Upialice
1705 1240 1737 1306 in
1754 1235 1869 1306 Suecia

350 1351 391 1420 15
420 1332 500 1420 poll.
528 1331 666 1426 Algeriae
688 1332 720 1400 in
740 1327 850 1400 Africa
878 1349 923 1422 27
948 1328 999 1401 vel
1027 1329 1072 1400 28
1100 1329 1181 1419 poll.
1203 1327 1313 1397 Lond.
1341 1329 1406 1422 (c)
1435 1329 1581 1400 ll'laderae
1599 1353 1639 1422 31
1659 1334 1740 1421 poll.
1757 1331 1870 1406 Lond.

344 1426 481 1496 Charles
497 1448 588 1522 town
605 1428 638 1498 in
656 1427 807 1496 America
826 1447 868 1518 51
890 1425 971 1516 poll.
989 1423 1099 1498 Lond.
1125 1423 1323 1516 Hujusmodi
1340 1427 1580 1496 obseruationes
1596 1432 1699 1500 ubivis
1717 1451 1872 1501 terrarum

345 1521 419 1592 sunt
440 1523 662 1608 instituendae,
688 1542 722 1594 ut
744 1523 816 1593 haec
839 1523 988 1616 cognitio
1013 1543 1258 1610 promoveatur:
1285 1541 1326 1592 ex
1350 1521 1511 1614 ejusmodi
1534 1526 1620 1594 enim
1652 1525 1871 1596 adnotationi-

345 1620 407 1688 bus
425 1619 537 1716 colligi
563 1621 689 1711 potell,
705 1641 824 1690 annum
848 1617 1015 1688 ficciorern
1039 1617 1129 1700 elle,
1160 1639 1235 1686 cum
1254 1620 1362 1690 minor
1384 1624 1480 1711 copia
1501 1618 1618 1710 pluviae
1650 1625 1682 1691 in
1711 1622 1760 1691 his
1792 1623 1874 1692 locis

347 1717 520 1803 ceciderit,
546 1716 715 1787 humidum
735 1733 849 1788 contra
873 1714 956 1804 pluri
980 1716 1088 1802 pluvia
1110 1715 1262 1795 labente,
1292 1711 1327 1783 dt
1353 1717 1425 1805 post
1448 1716 1606 1807 plurimos
1624 1741 1726 1788 annos
1748 1719 1814 1789 sciri
1831 1737 1873 1790 ex

347 1812 516 1884 annalibus
539 1813 725 1906 hujusmodi
755 1811 891 1882 fideliter
915 1807 1080 1879 custoditis
1106 1811 1258 1900 poterit,
1292 1832 1332 1879 an
1353 1811 1468 1898 aliquis
1494 1814 1530 1880 lit
1553 1817 1694 1884 circulus
1716 1835 1877 1884 annorum

345 1907 526 1994 ficcorum,
543 1907 577 1980 δι
593 1910 822 1990 humidorum,
854 1925 889 1978 ut
910 1905 1143 1998 praevideatur,
1168 1925 1275 1973 utrum
1301 1905 1436 1993 sequens
1459 1928 1561 1974 annus
1587 1910 1716 1990 decus,
1751 1935 1790 1980 un
1817 1911 1876 1981 hu·

346 2007 456 2077 midus
476 2006 626 2078 futurus:
661 2008 832 2078 discrimen
855 2005 1038 2096 quantitatis
1062 2001 1180 2092 pluviae
1203 2022 1220 2067 a
1246 2002 1361 2069 vicinia
1387 2003 1552 2080 marium,
1582 2003 1734 2084 lacuum,
1761 2007 1880 2075 lluvio·

344 2123 441 2190 rum,
466 2105 730 2188 inundationum,
755 2104 938 2183 montium,
962 2098 1196 2189 planitierum,
1223 2095 1397 2183 sylvarum:
1421 2119 1488 2166 turn
1513 2103 1676 2182 aventis,
1710 2121 1728 2168 u
1754 2103 1879 2184 calore,

348 2196 384 2267 dr
407 2199 501 2288 eopia
521 2197 784 2269 adscendentium
808 2217 967 2284 vaporum
992 2214 1034 2259 ex
1059 2194 1127 2256 imo
1157 2191 1256 2269 solo,
1287 2191 1338 2257 vel
1363 2211 1404 2255 ex
1436 2195 1528 2279 aquis
1559 2196 1703 2280 vicinis,
1734 2217 1803 2268 tum
1834 2198 1878 2268 ab

344 2292 414 2364 diis
437 2299 708 2363 concurrentibus
733 2293 835 2358 causrs
860 2287 994 2376 pendet.

392 2407 424 2505 d.
450 2403 836 2478 MNICCCLXXVlll.
873 2401 957 2474 Usus
986 2400 1102 2493 pluviae
1124 2403 1171 2474 est
1202 2422 1249 2474 10.
1284 2399 1546 2489 hamedeum&
1571 2405 1720 2478 emollire
1740 2407 1878 2495 terram,

346 2527 445 2595 quam
471 2503 528 2573 Sol
554 2504 719 2589 exiccat,
754 2521 893 2592 eamque
919 2500 1055 2570 reddere
1076 2497 1241 2585 fertilem,
1278 2523 1314 2570 ut
1337 2501 1462 2590 plantas
1488 2501 1574 2572 alere
1598 2503 1714 2594 pollrt:
1739 2505 1878 2578 fertilem

349 2604 516 2692 praecipue
540 2599 667 2690 prestat
699 2599 806 2691 pluvia
828 2596 942 2693 irig'da
969 2617 1118 2684 ternpore
1140 2598 1248 2669 aestivo
1271 2617 1347 2668 cum
1371 2619 1469 2669 vento
1490 2599 1751 2688 Septemrrionali
1775 2605 1881 2673 comi·

351 2714 401 2767 te:
428 2718 495 2767 tum
522 2697 631 2787 pluvia
656 2699 755 2768 nodlu
779 2696 938 2774 decidua,
965 2693 1099 2788 frigida,
1124 2715 1222 2784 quam
1247 2694 1317 2764 dies
1338 2693 1473 2788 frigidus
1496 2697 1603 2766 restare
1622 2701 1759 2788 excipit:
1787 2700 1880 2770 {iau

350 2811 417 2864 tem
444 2795 549 2884 pluvia
577 2795 707 2883 tepida,
734 2795 795 2864 five
820 2793 897 2878 dtu,
924 2791 987 2861 srve
1009 2791 1129 2875 nottu,
1155 2791 1329 2872 ceciderit,
1354 2790 1425 2858 haec
1449 2790 1494 2858 est
1520 2791 1708 2872 infertilior,
1734 2797 1799 2864 imo
1825 2795 1880 2865 sae·

349 2911 394 2980 pe
422 2894 519 2962 noxia
543 2893 679 2980 plantis:
707 2889 784 2961 hinc
805 2909 973 2978 nunquam
997 2883 1067 2955 sunt
1090 2886 1208 2975 plantae
1236 2885 1405 2980 irrigandae
1435 2887 1546 2955 medio
1573 2887 1653 2972 die,
1687 2885 1721 2958 dt
1752 2913 1834 2980 aqua
1860 2915 1880 2961 a

350 2985 429 3057 Sole
452 2985 628 3078 tepefatla,
654 2985 707 3056 sed
734 3006 856 3056 tantum
884 2983 1027 3074 vesperi,
1050 2978 1085 3050 ἃ
1111 2982 1236 3076 frigida.
1274 2983 1354 3050 ldeo
1376 3005 1479 3052 annus
1502 2986 1534 3051 in
1562 2983 1678 3079 Belgio
1709 2985 1789 3056 solet
1816 2984 1880 3056 else

349 3083 527 3170 infertilis,
561 3081 745 3153 stmultum
779 3081 919 3151 interdiu
951 3078 1041 3168 pluat
1070 3081 1179 3147 menl'e
1209 3077 1337 3167 Junio,
1367 3077 1482 3168 Julio,
1509 3079 1679 3172 Augusto,
1707 3085 1782 3171 quia
1811 3103 1881 3155 tum

350 3182 460 3271 pluvia
485 3182 530 3250 ell
553 3179 676 3262 calida,
702 3201 775 3266 quae
802 3179 927 3267 plantas
953 3171 1149 3264 putrefacit:
1184 3173 1237 3240 sed
1260 3173 1347 3266 larga
1374 3176 1531 3243 noduma
1557 3175 1664 3263 pluvia
1691 3178 1800 3248 mense
1834 3177 1882 3248 Ᾱὲ

348 3273 495 3368 prili,&
520 3276 626 3365 lllayo
651 3276 697 3345 est
719 3273 974 3356 ioecundilltma,
1000 3291 1100 3360 aqua
1123 3289 1258 3364 gramen
1273 3271 1422 3358 inprimis
1446 3269 1520 3340 iaete
1539 3275 1656 3343 crescit
1680 3276 1714 3344 in
1730 3277 1884 3365 pascuis,

347 3373 550 3464 multumque
573 3372 663 3443 ladiis
686 3377 719 3442 in
745 3374 853 3441 bobus
876 3372 992 3465 gignit.
1722 3407 1725 3412 -

402 3508 451 3555 2⁶.
479 3484 625 3573 Quando
648 3481 757 3569 pluvia
782 3482 900 3550 labitur
923 3484 957 3547 in
982 3478 1126 3546 excelsos
1148 3499 1306 3556 montes,
1339 3499 1455 3548 terram
1490 3479 1626 3549 mollem
1659 3479 1695 3552 dr
1721 3483 1793 3553 laxe
1823 3504 1881 3554 co·

349 3582 526 3650 haerentem
554 3579 692 3659 abripit,
718 3573 825 3637 secum
848 3567 977 3639 devehit
1000 3569 1032 3633 in
1057 3567 1194 3650 vallem,
1222 3589 1319 3655 quam
1350 3578 1391 3636 ita
1416 3574 1602 3654 soecuudat,
1628 3576 1682 3644 sed
1708 3577 1741 3646 &
1765 3601 1884 3669 aquam

355 3671 495 3744 infundit
525 3666 663 3745 fluviis,
695 3688 768 3753 quae
793 3687 963 3760 praegnans
996 3662 1065 3732 limi
1098 3665 1130 3732 in
1163 3663 1266 3734 fluviis
1290 3663 1365 3734 hinc
1392 3666 1468 3734 inde
1499 3668 1651 3754 producit
1683 3673 1798 3742 insulas
1820 3698 1884 3745 no·

355 3793 431 3848 vae,
457 3767 499 3835 ad
521 3763 656 3833 modum
677 3760 865 3842 foecundis,
892 3760 1010 3831 fundos
1040 3758 1144 3830 reddit
1164 3760 1320 3844 altiores,
1349 3759 1480 3831 &cum
1507 3786 1600 3850 aquae
1628 3765 1712 3857 saepe
1738 3790 1881 3858 exeunt,

355 3886 464 3939 earum
489 3862 584 3932 limus
607 3879 704 3930 terras
725 3861 894 3930 inundatos
915 3856 1081 3928 foecundat
1097 3905 1108 3940 ,
1123 3863 1168 3928 uti
1190 3855 1308 3942 Nilus,
1328 3858 1455 3946 aliaque
1472 3858 1611 3930 flumina
1634 3863 1781 3935 faciunt:
1813 3868 1882 3940 hoc
2026 3877 2032 3888 '

357 3967 454 4055 patro
474 3958 611 4030 altitudo
635 3959 793 4026 monrium
822 3957 1001 4036 decrescit,
1028 3953 1124 4024 valles
1150 3976 1312 4046 perpetuo
1337 3956 1535 4045 implentur,
1562 3955 1597 4027 dt
1627 3983 1685 4030 orn
1708 3961 1884 4036 fluminum
2026 3967 2035 3982 ‘

358 4064 391 4131 in
418 4079 504 4127 mare
526 4057 565 4126 ad
591 4074 739 4148 magnam
765 4053 1003 4147 longitudinem
1020 4071 1218 4136 excurrunt,
1242 4055 1290 4121 uti
1316 4052 1358 4121 de
1381 4050 1470 4123 ostiis
1493 4054 1564 4125 Nili
1591 4058 1744 4142 conllat,
1778 4057 1813 4129 dr
1838 4062 1883 4131 de

358 4157 447 4228 ostiis
465 4154 594 4236 llheni,
619 4148 653 4220 dr
675 4147 780 4220 hlosae
801 4153 834 4219 in
854 4149 981 4244 Belgio.

408 4275 460 4355 3⁰.
486 4262 596 4332 Pluvia
626 4263 735 4332 adrem
768 4259 850 4330 lavat
888 4283 907 4330 a
948 4260 1083 4332 sordidis
1123 4257 1410 4347 exhalationibus,
1450 4260 1651 4351 respirationi
1694 4266 1885 4339 animalium

358 4365 488 4441 noxiis,
511 4360 561 4429 vel
584 4360 777 4436 inutilibus,
803 4379 923 4444 easque
946 4360 1069 4429 revehit
1090 4359 1130 4430 ad
1158 4357 1320 4444 Terram,
1344 4360 1429 4433 adeo
1456 4377 1493 4430 ut
1523 4377 1633 4434 merus
1653 4363 1794 4434 circulus
1823 4387 1883 4437 an·

360 4458 517 4528 helituum
537 4477 579 4525 ex
599 4455 669 4526 solo
690 4458 725 4526 in
748 4455 870 4542 altum,
893 4477 935 4528 ex
957 4456 1026 4528 alto
1047 4459 1084 4529 in
1106 4455 1211 4528 solum
1236 4453 1285 4525 fit.

1722 4577 1776 4650 4⁰.
1801 4555 1885 4634 Plu·-

436 4745 493 4820 (ι)
515 4748 582 4808 dita
598 4749 727 4810 llerolln.
748 4752 817 4812 Vol.
838 4767 863 4824 ς.
888 4770 952 4830 pag.
972 4767 1037 4826 us.

438 4829 501 4896 <bl
523 4826 650 4885 Medical
674 4828 769 4904 uffays
794 4832 861 4888 Vol.
883 4850 910 4903 5.
932 4849 999 4909 pag.
1017 4850 1064 4911 3⁹·

436 4906 494 4984 (e)
515 4907 624 4966 Thou.
648 4905 732 4968 suar
753 4909 876 4969 Travela
898 4923 929 4971 to
950 4914 1088 4990 Barbaty.
1108 4925 1174 4993 pag.
1191 4929 1260 4988 αις,

1144 5054 1196 5128 Ll
1219 5053 1356 5152 11113
