4992 6767
680 681 1023 778 HUMORES
1068 682 1154 773 ΕΤ
1200 688 1294 779 DE
1336 686 1649 782 vislotum
1849 702 1932 808 169*

396 911 483 988 ges,
508 889 583 981 quia
602 883 760 979 pupillam
784 903 877 979 tergo
902 881 969 953 luci
994 882 1146 975 opposito
1162 882 1354 967 dilatamus,
1380 886 1598 957 contrahimus
1624 886 1705 956 facie
1726 885 1928 964 lucifadver·
2169 931 2174 940 ·

402 991 452 1102 ιλιι
469 1005 631 1102 'preterea
650 980 784 1079 anguste
805 977 929 1074 pupilla
953 977 1078 1067 efficit,
1113 1000 1149 1051 ut
1176 980 1282 1053 radius
1307 979 1543 1073 dissipationis,
1578 983 1641 1056 live
1668 986 1868 1074 penumbra,
1892 989 1931 1058 sir
2052 997 2084 1028 ἐ

401 1084 503 1272 engi.
527 1178 688 1250 Distindla
709 1178 805 1248 etiam
828 1173 876 1246 est
902 1175 1012 1261 Visto,
1037 1196 1113 1247 cum
1131 1177 1243 1270 imago
1266 1175 1384 1269 objefii
1410 1176 1571 1265 spedlandi
1597 1177 1662 1248 fola
1683 1180 1824 1273 pingitur
1839 1183 1872 1252 in
1890 1203 1928 1253 o-

403 1277 470 1351 culi
488 1280 611 1362 retina,
636 1275 753 1346 necin
776 1270 870 1364 hujus
885 1272 1021 1344 eandem
1044 1293 1167 1364 partem
1192 1272 1337 1344 incidunt
1354 1274 1432 1343 radii
1448 1274 1584 1344 aliorum
1607 1273 1826 1367 objectorum:
1850 1278 1929 1349 ideo

403 1396 474 1489 per·
493 1374 606 1446 tubum
637 1392 779 1464 opacum
810 1369 951 1443 ubulam
976 1391 996 1440 e
1018 1369 1202 1466 longinquo
1226 1368 1402 1442 distinflius
1427 1370 1632 1463 spectamus,
1666 1393 1762 1462 quam
1782 1393 1850 1446 non
1872 1375 1928 1445 ad·

405 1472 688 1642 hlblffi.t}locilia
707 1565 769 1637 fint
791 1565 882 1660 nigra
905 1562 1082 1636 dillinslius
1106 1562 1256 1636 videntur
1276 1563 1435 1656 objefla,
1469 1586 1565 1656 quarn
1591 1566 1613 1636 fr
1647 1567 1720 1637 alba
1740 1567 1791 1638 vel
1816 1572 1929 1641 incana

403 1664 617 1854 322³(OEss
644 1666 731 1735 enim
761 1662 870 1733 lucem
899 1659 1030 1731 aliunde
1059 1659 1284 1733 adventantem
1316 1682 1386 1734 non
1417 1665 1450 1731 in
1482 1663 1614 1734 oculum
1647 1662 1848 1750 infundunt,
1879 1670 1928 1737 uti

456 1881 487 1983 ς.
513 1883 791 1958 MDCCCCIV.
815 1882 953 1977 Objedla
981 1882 1114 1956 confuse
1137 1884 1318 1967 videntur,
1350 1902 1406 1954 aut
1429 1906 1471 1956 ne
1494 1885 1626 1975 quidem
1649 1885 1823 1970 videntur,
1854 1902 1929 1979 quae

404 1984 459 2058 vix
481 2004 501 2053 a
522 1982 596 2053 luce
622 1983 833 2068 illustrantur,
857 2000 893 2052 ut
918 1980 1035 2052 limites
1057 1980 1192 2052 discerni
1212 2000 1395 2071 nequeant,
1422 2002 1490 2051 turn
1515 2004 1607 2072 quae,
1632 1981 1847 2073 licetopaca,
1872 1984 1930 2053 ad·

405 2079 540 2160 modum
564 2078 716 2177 celeriter,
733 2099 801 2151 non
823 2076 941 2171 procul
958 2079 1087 2149 anobis
1101 2097 1293 2160 moventur;
1318 2078 1415 2148 veluti
1432 2100 1507 2148 curn
1532 2082 1597 2150 avis
1613 2078 1646 2149 in
1670 2100 1847 2170 paucorum
1871 2099 1931 2168 pe·

404 2178 484 2249 dum
505 2175 648 2246 distantia
669 2176 869 2247 transversam
893 2173 999 2260 uolat,
1020 2198 1097 2246 mus
1115 2195 1171 2245 aut
1193 2174 1255 2268 glis
1278 2194 1382 2263 prope
1397 2195 1459 2243 nos
1485 2178 1601 2259 currit,
1627 2174 1745 2269 globus
1763 2194 1928 2246 tormento

404 2272 555 2364 explosus
574 2274 755 2364 procurrit,
779 2270 904 2341 chorda
919 2271 1005 2339 tensa
1019 2275 1053 2340 in
1066 2268 1416 2340 instrumentomufico
1428 2270 1662 2340 contremiscite
1688 2274 1796 2363 imago
1817 2272 1932 2356 enim,

406 2391 479 2461 quae
504 2388 572 2439 tum
595 2372 629 2438 in
651 2372 752 2438 retina
777 2369 952 2457 pingitur,
983 2366 1067 2433 adeo
1091 2364 1240 2434 celeriter
1263 2360 1440 2445 evanescit,
1472 2381 1508 2431 ut
1529 2366 1618 2433 nervi
1641 2363 1764 2436 fibrillae
1786 2368 1841 2436 vix
1860 2366 1929 2460 agi·

406 2484 537 2554 tentor,
562 2483 624 2532 nec
646 2461 714 2529 fere
734 2461 868 2553 agitatio
893 2479 1042 2528 amente
1065 2461 1208 2551 percipi,
1233 2479 1438 2548 nequaquam
1465 2457 1616 2553 distingui
1628 2459 1732 2552 possut.

456 2555 602 2632 Confusa
623 2559 718 2625 etiam
742 2573 919 2644 apparent,
941 2554 1072 2642 quando
1092 2559 1192 2625 retina
1218 2557 1254 2624 in
1275 2553 1374 2625 oculo
1396 2554 1441 2626 est
1462 2554 1607 2639 callosa,
1631 2559 1768 2626 animia
1791 2556 1864 2628 luce
1890 2560 1926 2630 in

407 2677 485 2727 ante
510 2653 666 2723 altovita
691 2650 778 2741 quasi
802 2648 990 2733 combusta,
1017 2670 1052 2721 ut
1076 2650 1093 2718 l
1117 2649 1191 2721 luce
1216 2649 1419 2739 objeslotum
1433 2656 1487 2723 vix
1503 2651 1640 2741 amplius
1662 2651 1837 2744 afficiatur,
1864 2674 1928 2724 ter·
2033 2659 2043 2676 ’

408 2755 556 2841 minique
583 2750 758 2843 imaginum
787 2745 938 2840 distingui
968 2765 1118 2836 nequeat.
1179 2744 1270 2815 Idem
1291 2748 1387 2815 etiam
1408 2746 1445 2816 fit
1469 2746 1730 2823 crassescentibus
1753 2750 1842 2820 oculi
1864 2750 1927 2820 hu·

407 2849 572 2930 moribus,
600 2841 635 2915 δι
659 2841 912 2933 pelluciditatem
937 2844 1168 2913 amittentibus.

456 2941 604 3013 Coecitas
629 2938 791 3009 inducitur
812 2938 933 3022 oculo,
959 2959 1034 3008 cum
1053 2939 1189 3009 nimiunn
1212 2939 1295 3011 lucis
1315 2937 1513 3022 infunditur,
1538 2960 1557 3009 a
1575 2961 1640 3031 qua
1661 2938 1784 3013 fibriilae
1801 2961 1930 3013 nerveae

405 3043 440 3111 in
466 3038 566 3108 retina
588 3033 770 3118 laeduntur-3
795 3053 938 3122 aucupes
960 3053 1130 3103 excaecant
1159 3034 1262 3105 illices
1291 3031 1378 3104 ferro
1403 3036 1562 3105 candente
1582 3056 1687 3126 prope
1712 3036 1844 3108 oculum
1866 3060 1927 3128 po·

406 3137 498 3220 sito,
526 3131 622 3203 fimili
647 3129 750 3200 modo
771 3149 827 3198 aut
850 3127 924 3197 luce
954 3127 1039 3198 Solis
1067 3132 1185 3219 captivi
1212 3130 1296 3221 faepe
1324 3130 1365 3199 ab
1389 3130 1534 3201 hostibus
1556 3141 1773 3202 excoe'cantur.
1825 3132 1927 3203 Oculi

405 3233 596 3303 humoribus
629 3227 737 3299 lucem
776 3224 978 3316 objeflomm
1010 3223 1226 3296 adimentibus
1258 3226 1355 3296 etiarn
1384 3226 1421 3295 stt
1448 3229 1591 3298 coecitas.
1645 3227 1714 3297 Aut
1746 3228 1768 3297 sr
1796 3226 1928 3299 Nervus

407 3330 535 3420 opticus
560 3329 592 3395 in
618 3322 757 3414 quadam
784 3341 877 3414 parte
905 3323 988 3392 inter
1012 3320 1151 3392 oculum
1176 3318 1211 3392 dt
1241 3321 1427 3396 Sensorium
1458 3343 1635 3396 commune
1664 3326 1927 3415 comprimatur,

404 3425 580 3508 exedatur,
605 3420 748 3491 landatur.

452 3557 483 3656 5.
509 3551 772 3630 MDCCCCV.
797 3551 942 3647 Quando
967 3552 1047 3623 radii
1065 3555 1291 3643 -mriuspundii
1313 3554 1432 3643 objeui
1457 3574 1525 3625 non
1549 3556 1670 3627 codunt
1690 3558 1724 3627 in
1742 3560 1864 3649 retina,
1888 3557 2073 3645 idnanamtt

402 3659 564 3752 punllunr
591 3674 660 3723 non
684 3650 837 3740 simplex,
863 3648 917 3718 fed
941 3647 1061 3739 duplex
1084 3650 1237 3720 cernitur.
1931 3650 1986 3713 ῑῑι·
2003 3668 2030 3707 a·

457 3755 561 3824 Sitin
578 3750 686 3819 charta
712 3744 858 3816 foramen
881 3744 930 3815 his
953 3745 1066 3815 litteris
1092 3765 1258 3836 utcunque
1283 3744 1434 3837 aequale-3
1465 3749 1499 3817 in
1522 3747 1621 3820 altera
1644 3749 1753 3820 charta
1776 3748 1836 3822 frnt
1857 3751 1925 3825 duo

404 3852 595 3954 propinqua
622 3844 798 3926 foramina,
823 3845 865 3911 ita
887 3861 923 3911 ut
945 3840 1035 3911 fimul
1057 3862 1125 3911 non
1154 3842 1311 3914 excedant
1333 3842 1586 3937 magnitudinem
1610 3846 1760 3939 pupillae:
1785 3848 1880 3921 distes
1904 3851 1924 3920 l

405 3949 538 4021 flamma
565 3940 707 4012 candelae
739 3940 851 4032 viginti
882 3939 1009 4007 circiter
1036 3936 1204 4028 pollices,
1235 3959 1341 4028 prope
1372 3961 1468 4027 quam
1501 3962 1589 4029 pone
1616 3944 1758 4013 chartam
1784 3948 1922 4035 primunr

404 4042 498 4125 BC,
522 4061 583 4132 per
605 4034 698 4128 cujus
718 4033 866 4106 foramen
888 4036 922 4103 A
947 4034 1003 4104 lux
1022 4053 1190 4123 permeat,
1220 4055 1330 4124 prope
1344 4035 1486 4105 oculum
1512 4058 1601 4123 pone
1623 4040 1754 4108 alterum
1780 4041 1923 4114 chartam

450 4139 502 4222 T,
533 4134 624 4228 cujus
647 4134 716 4204 duo
745 4129 905 4202 foramina
935 4156 977 4220 r,
1002 4130 1046 4214 d,
1071 4130 1185 4199 eadem
1219 4130 1275 4199 lux
1297 4148 1479 4219 pertranat3
1512 4128 1582 4201 hacc
1603 4136 1637 4202 in
1661 4138 1771 4204 rutinae
1798 4141 1921 4226 punflo
2004 4215 2008 4220 ,

405 4235 442 4309 Ο
467 4234 575 4306 colens
600 4229 697 4316 facit,
721 4247 759 4299 ut
777 4230 904 4298 animus
927 4226 1072 4297 foramen
1099 4228 1130 4295 A
1156 4225 1290 4315 srmplex
1315 4244 1435 4295 cernat.
2062 4253 2069 4262 ·

456 4329 603 4405 Candela
629 4324 665 4397 dc
692 4325 801 4397 charta
833 4323 902 4395 BC
935 4343 1086 4393 manente
1115 4320 1291 4394 incudem
1314 4320 1419 4408 loco,
1457 4322 1572 4395 oculus
1595 4345 1670 4396 cunr
1699 4323 1808 4398 charta
1833 4324 2068 4425 (ζΤΤθιιιιιι

382 4431 540 4528 ¹propius
564 4426 773 4496 admoveatur
806 4422 922 4492 chartae
955 4419 1050 4510 BC,
1070 4417 1136 4511 jam
1158 4417 1239 4488 radii
1262 4416 1427 4491 foraminis
1451 4420 1484 4491 Α
1508 4441 1567 4513 per
1589 4423 1731 4515 hinad,
1755 4447 1796 4510 r,
1821 4443 1922 4497 trans-
1947 4406 1980 4456 ¹“
1998 4402 2024 4447 ‘⁸

401 4526 483 4601 missi
508 4521 633 4595 coirent
655 4520 736 4591 ultra
757 4520 891 4591 retinam
915 4521 949 4591 in
973 4515 1028 4603 O,
1052 4514 1279 4607 efficiuntque,
1304 4537 1340 4588 ut
1365 4516 1485 4610 duplex
1514 4520 1623 4615 imago
1651 4520 1745 4592 cadat
1765 4524 1799 4592 in
1819 4525 1920 4595 retina

403 4628 441 4697 in
466 4627 541 4707 im,
568 4617 603 4688 dt
627 4637 775 4689 comatur
805 4613 950 4688 foramen
975 4616 1065 4685 Ain
1090 4613 1118 4683 B
1143 4609 1180 4686 dt
1205 4610 1261 4701 ca
1294 4614 1404 4690 clauso
1431 4614 1589 4689 foramine
1616 4616 1760 4693 infcriori
1783 4643 1823 4709 r,
1848 4640 1921 4695 eva·

402 4718 512 4794 urescit
534 4711 726 4803 conspectus
748 4711 911 4785 foraminis
934 4712 1105 4803 superioria
1128 4711 1169 4782 B.

483 4905 1120 5018 (elMouritlopncstggcm
1150 4953 1305 5108 'm
1508 4989 1511 4996 Ι
1550 4987 1587 4996 Ι.
1827 4812 1917 4900 Cau⁴
