4992 6767
546 715 631 821 sm
982 707 1121 796 on
1277 675 1499 794 tore
1554 703 1604 793 n.

547 907 610 979 bus
633 901 871 997 adjacentibus,
896 901 948 974 vel
968 902 1202 987 ambientibus,
1225 900 1297 973 bac
1318 903 1405 972 enirn
1430 920 1543 970 eorum
1568 901 1677 994 ignem
1702 892 1875 967 absorbent
1897 900 2075 991 usquead

548 998 773 1092 aequilibrium.
822 1018 874 1069 ιο.
898 995 986 1091 Quae
1010 998 1158 1091 permista
1182 998 1282 1081 aliis,
1309 994 1394 1067 &se
1419 1016 1534 1067 mutuo
1559 995 1735 1076 solventia,
1770 996 1880 1086 ignem
1906 997 2073 1088 obhaerea-

549 1091 678 1169 ccntetn
700 1094 834 1181 laxant,
864 1094 1005 1166 laxatum
1034 1095 1229 1185 expellunt,
1262 1091 1299 1163 &
1325 1093 1415 1163 alteri
1440 1095 1507 1188 igni
1532 1096 1672 1182 irrepere
1689 1087 1845 1159 molienti
1870 1089 2083 1183 aliquantum·

544 1192 720 1265 resiliunt:
753 1191 840 1262 ideo·
855 1190 1140 1262 Thermometrum
1162 1194 1196 1260 in
1223 1189 1427 1278 sequentibus
1449 1191 1640 1279 corporibus
1665 1186 1765 1280 frigus
1789 1186 1959 1277 ostendit,
1989 1213 2072 1266 curn

547 1290 683 1360 alterum
704 1288 991 1359 Thermometrum
1016 1287 1107 1377 supra
1130 1286 1199 1355 haec
1221 1285 1402 1375 suspensum
1426 1288 1510 1381 ignis
1535 1307 1610 1356 curn
1633 1284 1734 1354 halitu
1750 1283 1908 1354 evolantis
1922 1286 2069 1370 calorem

543 1385 676 1479 -ptobe't
728 1382 812 1454 Haec
830 1384 1045 1474 phaenomena
1063 1384 1142 1451 fiunt
1158 1403 1233 1452 cum
1249 1403 1342 1470 aquae
1358 1381 1573 1453 admiscentur
1599 1380 1671 1449 salia
1695 1378 1811 1449 alcalia
1831 1380 1993 1469 volatilia,
2013 1388 2068 1465 in·

547 1484 659 1575 primis
683 1481 816 1565 Utinae,
843 1478 878 1549 dt
901 1480 960 1549 alia
982 1498 1018 1548 ut
1040 1477 1194 1561 Nicrum,
1220 1477 1275 1548 Sal
1297 1477 1561 1566 Polychrestum,
1584 1475 1792 1565 Vitriolum,
1816 1475 1870 1546 Sal
1896 1475 2075 1570 Gemmas,

546 1578 602 1650 Sal
624 1580 811 1660 marinum,
843 1576 1016 1653 salomen,
1048 1570 1254 1664 &inprimis
1286 1574 1339 1644 Sal
1368 1578 1620 1645 Ammoniacum
1645 1592 1700 1643 aut
1731 1571 1799 1664 ejus
1832 1570 1937 1646 flores
1957 1577 2024 1670 ,(11
2056 1604 2068 1648 e

547 1695 618 1746 turn
640 1673 694 1744 Sal
718 1672 964 1743 Ammoniacale
986 1669 1163 1755 Naturale,
1186 1671 1277 1761 quod
1300 1670 1491 1741 adhaerescit
1513 1670 1673 1761 lapidibus
1697 1689 1739 1738 ex
1763 1668 1896 1752 ardente
1923 1670 2067 1748 verram

547 1770 686 1862 ejedisa
716 1770 751 1839 id
782 1772 870 1839 enim
901 1767 1005 1839 multo
1037 1768 1110 1859 plus
1134 1766 1319 1861 refrigerare
1340 1769 1471 1858 Aquam
1497 1767 1630 1838 traditur
1656 1765 1747 1859 (b).
1798 1764 1852 1836 Sal
1876 1768 2071 1855 Ammonia·-

547 1889 625 1939 curn
650 1866 779 1936 mistum
801 1886 878 1935 curn
902 1867 1010 1934 Aceto
1036 1861 1222 1948 destillato,
1248 1863 1357 1934 Sucro
1382 1863 1591 1947 Limonum,
1617 1861 1832 1951 Omphacio,
1860 1862 1981 1954 Spiritu
2008 1866 2070 1939 Vl·

549 1967 608 2049 ni,
633 1961 735 2055 frigus
750 1964 879 2031 excitat.
927 1960 1113 2030 Mercurius
1133 1959 1318 2030 sublimatus
1343 1958 1502 2050 injiciatur
1524 1979 1629 2038 aceto,
1644 1958 1821 2044 destillato,
1847 1959 1967 2032 deinde
1989 1964 2069 2056 adji-

548 2063 651 2131 ciatur
675 2057 728 2128 Sal
751 2057 1021 2142 Ammoniacutn,
1046 2056 1245 2140 misceatur,
1271 2055 1523 2146 conquassetur,
1548 2059 1582 2128 in
1606 2054 1677 2127 vase
1702 2075 1856 2149 magnum
1879 2054 1983 2152 frigus
2005 2064 2071 2132 om

549 2176 627 2241 tur,
653 2176 722 2245 quo
746 2153 907 2223 interdum
936 2154 1073 2224 mixtura
1102 2154 1292 2246 congelatur
1316 2151 1449 2223 testante
1471 2151 1703 2247 Hombergio:
1729 2150 1854 2240 deinde
1877 2152 1901 2221 si
1924 2157 1992 2225 nivi
2015 2159 2068 2240 vel

547 2252 663 2347 glaciei
688 2249 762 2320 rafae
784 2250 998 2320 admisceatur
1020 2249 1190 2339 quodlibet
1217 2249 1270 2319 Sal
1295 2270 1336 2319 ex
1355 2253 1568 2334 memoratis,
1593 2270 1648 2319 aut
1673 2246 1726 2320 Sul
1750 2245 1908 2335 Tartari,
1926 2248 2067 2337 Cineres

550 2346 739 2432 Claaellati,
766 2345 937 2416 Saccarum
957 2345 1104 2430 Saturni,
1129 2346 1259 2431 Botax,
1286 2345 1339 2416 Sul
1356 2344 1535 2431 Glauberi,
1559 2347 1751 2436 Succorum,
1777 2342 1836 2414 Fel
1861 2347 1956 2431 uitri,
1981 2347 2068 2430 Sota·

546 2445 607 2531 da,
618 2441 703 2515 Calx
719 2445 805 2514 viva:
820 2463 895 2513 eum
911 2442 998 2513 hisce
1014 2442 1261 2526 accuratissima,
1279 2448 1518 2534 experimenta,
1534 2467 1607 2536 quae
1624 2444 1740 2538 gradus
1753 2439 1884 2536 frigoris
1899 2437 2064 2532 speciant,

546 2541 683 2613 instituit
705 2540 989 2629 experientissimus
1005 2544 1053 2611 vir
1070 2538 1288 2611 Reaumurius
1313 2541 1406 2633 (c),
1432 2536 1467 2613 δι
1492 2539 1647 2613 Nolletus
1674 2538 1766 2632 (d).
1816 2536 2005 2612 Sal'autem
2030 2540 2065 2630 dr

546 2636 667 2733 glacies
693 2634 725 2705 fe
749 2655 866 2707 mutuo
888 2636 1013 2705 solvunt
1035 2640 1069 2706 in
1094 2638 1256 2726 liquorem
1280 2637 1429 2724 Salsum;
1462 2637 1565 2733 frigus
1597 2637 1732 2708 durante
1762 2632 2067 2728 solutioneeacita·

545 2754 626 2817 tur,
660 2732 737 2801 ideo
763 2751 831 2801 ttun
864 2732 1038 2802 audiuntur
1069 2735 1240 2823 crepitus,
1272 2738 1478 2806 excutiuntur
1509 2734 1674 2824 particulae
1706 2753 1748 2803 ex
1779 2729 1855 2818 Sale
1884 2725 2066 2830 sigfride,

544 2830 634 2899 adeo
658 2845 694 2896 ut
719 2847 795 2896 curn
819 2830 943 2917 impetu
966 2847 1072 2917 partes
1094 2826 1307 2926 frangantur:
1341 2831 1375 2901 Si
1396 2851 1505 2902 autem
1530 2829 1652 2908 10111110-
1672 2851 1740 2900 non
1766 2827 1822 2899 fiat
1836 2877 1860 2913 ‚·
1873 2841 1940 2902 no'n
1962 2836 2069 2922 prieur

540 2924 664 3020 ¹frigust
681 2919 779 2993 Nam
802 2943 878 2994 cum
901 2924 953 2993 Sal
979 2923 1160 2994 siccislimus
1182 2926 1308 2997 intenso
1334 2925 1411 3021 gelu
1434 2928 1632 3016 exponitur,
1652 2922 1688 2995 dt
1711 2946 1788 2997 curn
1811 2928 1886 2998 nive
1900 2923 2067 3020 saldefti·

539 3039 644 3118 gente
673 3021 850 3101 miscetur,
875 3041 943 3095 non
964 3019 1001 3089 fit
1024 3018 1166 3105 solutio,
1192 3020 1248 3091 sed
1275 3024 1371 3092 etiam
1394 3022 1660 3094 nonintenditur
1683 3019 1800 3117 frigus..
1843 3019 1952 3100 Etiam
1965 3022 2065 3124 frigus

546 3120 733 3199 excitatur,
771 3115 793 3185 fr
818 3114 897 3187 Nivi
918 3137 976 3187 aut
999 3114 1127 3185 Glaciei
1152 3115 1335 3189 affundatur
1368 3117 1504 3208 Spiritus
1529 3117 1632 3204 Vini,
1666 3117 1810 3209 Spiritus
1828 3115 1910 3190 Salis
1934 3125 2066 3210 marini,

548 3214 684 3305 Spiritus
706 3204 856 3297 Vitridli,
883 3215 1045 3297 ascetum,
1070 3212 1206 3303 Spiritus
1227 3213 1310 3283 Salis
1333 3213 1560 3298 Ammoniaci,
1585 3215 1723 3308 Spiritus
1747 3214 1879 3302 Urina,
1904 3221 2068 3311 precipue

548 3312 571 3381 11
593 3307 776 3381 offundatur
798 3310 934 3400 Spiritus
965 3306 1078 3394 Nitri,
1106 3328 1173 3378 tum
1195 3311 1287 3403 enirn·
1308 3310 1449 3381 terribile
1471 3309 1574 3405 frigus
1598 3315 1700 3381 oritur
1719 3361 1732 3394 ,
1763 3312 1854 3404 quod
1877 3309 1999 3403 Leydae
2023 3317 2069 3390 est

540 3427 608 3501 72.
643 3406 801 3503 graduum
835 3404 917 3476 infra
944 3424 1056 3475 notam
1078 3407 1263 3495 incipientis
1282 3406 1395 3501 glaciei
1422 3409 1455 3478 in
1480 3405 1573 3477 Scala
1596 3406 1841 3498 Thermometri
1863 3403 2067 3501 Fahrenhey'·

550 3508 615 3590 tii,
647 3506 703 3595 qui
725 3501 948 3593 Experimenti
973 3521 1093 3587 autor,
1127 3502 1277 3573 suadente
1302 3503 1358 3572 Cl.
1383 3501 1566 3576 Boerliavio
1599 3503 1670 3576 suit.
1721 3506 1787 3596 Sed
1819 3503 1985 3598 Petropoli
2005 3507 2066 3604 Ι(31.

540 3599 709 3672 ·Braunius
731 3619 882 3689 repetens
906 3601 1164 3689 experimentum
1186 3600 1246 3669 11“.
1275 3619 1379 3692 1759.
1411 3599 1465 3672 die
1492 3601 1675 3691 05111010
1699 3624 1735 3693 9⁶
1759 3600 1953 3674 Decembris
1977 3627 2068 3678 com·

547 3700 660 3790 perit,
691 3718 713 3765 a
740 3696 865 3786 Spiritu
891 3693 979 3766 Nitri
1008 3695 1123 3789 glaciei
1141 3694 1329 3791 fragmentis
1353 3692 1388 3768 dt
1413 3693 1492 3768 Nivi
1517 3696 1619 3772 affuso
1642 3697 1847 3770 Mercurium
1870 3702 1979 3792 prima
1998 3691 2067 3775 vic'e

553 3792 754 3865 descendisse
777 3791 862 3877 sub,
897 3813 944 3875 o,
979 3792 1069 3884 grad.
1097 3811 1172 3881 92,
1209 3795 1290 3882 308.
1316 3793 1358 3861 ab
1382 3790 1484 3864 affuso
1507 3793 1550 3863 fic
1573 3793 1740 3887 frigefacto
1769 3795 1892 3884 Spiritu
1919 3795 2012 3870 Nitri.
2030 3800 2071 3872 ad

552 3911 672 3961 novam
701 3891 838 3986 glaciem
861 3883 1060 3957 descendisse
1089 3910 1169 3977 242.
1192 3888 1281 3982 grad.
1304 3889 1390 3972 sub,
1417 3908 1468 3974 o,
1499 3889 1540 3958 ub
1564 3887 1666 3959 affuso
1691 3889 1812 3977 Spiritu
1836 3889 1924 3959 Nitri
1951 3896 1994 3964 fic
2016 3895 2070 3966 fri·

551 3985 679 4083 gefatio
702 3986 744 4055 ad
767 3984 903 4081 glaciem
926 3981 1123 4055 descendisse
1150 3984 1353 4059 Mercurium
1381 4003 1475 4076 253,
1500 3983 1557 4074 85.
1581 4004 1629 4078 gr.
1653 3981 1738 4069 sob,
1762 4005 1809 4067 o,
1834 4006 1911 4053 cum
1943 4008 1989 4057 ex.
2009 3990 2070 4061 hac

552 4083 656 4179 glacie
682 4102 851 4151 exemturu
867 4080 1152 4151 Thermomcrrum
1180 4085 1214 4151 in
1240 4084 1315 4151 aire
1339 4102 1398 4171 per
1423 4083 1512 4158 horae
1535 4079 1743 4170 quadrantem
1767 4079 1906 4149 eundem
1931 4085 2068 4178 gradum

550 4179 680 4274 frigoris
703 4177 869 4258 ostendit,
893 4178 1007 4248 incidit
1029 4179 1063 4246 in
1088 4176 1299 4269 suspicionem
1323 4177 1527 4251 Mercurium
1551 4197 1619 4248 tum
1643 4176 1848 4273 congelatum
1873 4174 1992 4250 fuisse:
2024 4186 2071 4254 uti

551 4277 664 4367 polleo
688 4295 798 4345 acrum
823 4272 887 4343 else
909 4276 1081 4363 comperit.

603 4373 639 4444 Si
660 4373 803 4459 capiamt
828 4369 998 4453 Acetum,
1037 4372 1174 4461 Spiritus
1204 4373 1329 4457 Arcti,
1361 4373 1503 4444 Acetum
1528 4394 1570 4444 err
1594 4371 1689 4445 viridi
1711 4373 1801 4455 retis,
1826 4372 2069 4464 omphacium,

553 4469 677 4538 Succus
701 4465 804 4548 Citri,
829 4465 1083 4549 Aurrntiorum,
1107 4468 1290 4558 horumque
1311 4469 1490 4539 fluidorum
1515 4469 1647 4562 aliquod
1672 4471 1840 4540 misceatur
1864 4492 1940 4542 cunr
1964 4472 2073 4543 Alcali

553 4562 674 4634 volatili
698 4561 882 4652 purissimo,
908 4563 1005 4653 quale
1026 4563 1076 4640 est
1095 4562 1148 4639 Sul
1171 4564 1302 4638 volatile
1329 4566 1499 4661 Sanguinis
1524 4566 1681 4653 humani,
1702 4565 1835 4656 Urina,
1857 4568 1974 4640 Cornu
1989 4568 2070 4640 Cer·

2037 4685 2067 4737 vt

627 4772 687 4853 (a)
707 4781 1216 4857 1.”1111101101101’110111.1109.ΑΟ.
1236 4798 1321 4854 troo.
1344 4804 1410 4864 pag.
1428 4804 1494 4859 ui·
1779 4781 1791 4802 ⁶

628 4857 691 4937 (b)
715 4858 884 4997 Pbilosgipb.
903 4861 1049 4927 Ttanrad.
1066 4862 1209 4936 1111455.
1230 4878 1379 4940 pagense·
1421 4861 1589 4935 b’llissoite
1610 4865 1647 4927 de
1670 4866 1783 4931 l'tlcad.
1805 4871 1885 4951 Rop.
1906 4871 1960 4936 ΑΟ.
1984 4885 2067 4950 1105.

628 5008 687 5087 (a)
707 4950 926 5072 1111111111.
943 5010 1055 5072 eneas.
1071 5013 1145 5100 noy.
1169 5015 1221 5077 no.
1238 5031 1324 5101 1734.

630 5085 691 5171 gs)
711 5086 881 5176 rsuoropta
895 5090 1046 5162 rutero.
1068 5092 1127 5159 Na·
1146 5108 1214 5172 aaa
