4992 6767
528 651 613 800 ff
971 663 1623 778 ps·aQun

385 919 389 930 .
529 878 593 956 flat
617 869 801 946 viniolutn:¹
822 862 902 936 hinc
923 862 965 936 ab
987 864 1062 935 aire
1089 860 1301 949 muniendae,
1333 860 1357 933 fi
1384 861 1442 932 diu
1464 857 1691 932 conservande
1716 858 1777 933 rint
1800 881 1924 956 aqam:
1956 867 2066 961 aqu·

538 968 674 1046 acidulae
700 988 740 1036 ex
762 964 840 1035 loco
862 962 949 1033 Seltz
970 982 1075 1054 prope
1099 961 1205 1032 Salam
1228 958 1300 1032 sunt
1322 958 1479 1031 Aiealinae
1502 954 1698 1028 Martiales:
1724 958 1806 1031 Sunt
1827 984 1921 1054 aque
1945 968 2068 1040 Alcali·

539 1093 592 1143 nae
615 1084 758 1149 neutrae,
782 1064 830 1132 uti
857 1082 899 1131 ex
921 1058 1013 1130 fonte
1038 1062 1073 1128 in
1100 1058 1203 1155 Egra:
1229 1057 1314 1153 Sunt
1334 1056 1423 1127 Sales
1444 1056 1550 1126 neutri
1578 1049 1728 1130 &terrae
1749 1057 1893 1132 calcariae
1917 1065 1951 1135 in
1971 1066 2068 1157 Aqua

534 1163 675 1239 Sedlitz.
726 1157 765 1231 In
791 1159 898 1249 Aquis
917 1155 1073 1250 Spadanis
1097 1156 1259 1227 invenitur
1278 1156 1427 1239 rubricas
1452 1150 1575 1235 Ochffia
1600 1174 1665 1236 ἴθ’
1691 1152 1847 1246 sfflPhufa
1883 1162 2071 1251 Vii¹l⁰¹⁰¹¹¹a

535 1266 681 1346 nitrum,
705 1257 896 1349 plumbum,
920 1252 1063 1325 cerulla:
1096 1257 1129 1323 in
1157 1254 1332 1323 Britanniae
1354 1251 1446 1342 aquis
1468 1247 1807 1325 Badenfibusinvenit
1833 1251 2010 1331 Guidettus
2033 1262 2070 1333 in

540 1359 623 1431 dolii
644 1358 820 1448 quantitate
841 1353 984 1444 lapidum
1005 1354 1150 1443 quinque
1174 1352 1285 1420 uncias
1310 1346 1346 1419 ἂ
1368 1368 1433 1418 tres
1454 1346 1640 1418 drachmas:
1667 1368 1758 1422 tertae
1782 1350 1929 1423 ceruleae
1953 1351 2069 1429 &sul-

536 1451 676 1550 phureae
693 1453 772 1523 duas
789 1453 900 1523 uncias
916 1447 1223 1539 sesquidrachrnam:
1251 1445 1321 1518 salis
1343 1466 1408 1516 tam
1423 1443 1536 1514 marini
1553 1464 1651 1533 quarn
1667 1447 1765 1531 nitri,
1790 1463 1856 1521 tres
1872 1453 1993 1522 uncias.
2029 1454 2071 1525 In

543 1558 636 1644 aquis
656 1550 826 1639 Pynnonti
841 1547 886 1616 est
910 1546 1047 1616 multum
1068 1545 1137 1616 salis
1162 1547 1278 1629 amori,
1302 1542 1441 1627 ferrum,
1468 1536 1606 1611 &tetra
1627 1541 1780 1614 calearia:
1806 1542 1845 1616 ln
1866 1567 1987 1642 genere
2008 1551 2070 1624 οὓ·
2141 1629 2144 1641 .

541 1651 700 1722 servatum
715 1647 760 1716 est
784 1634 925 1734 in'aquis
954 1641 1093 1714 fontanis
1115 1642 1188 1734 plus
1216 1662 1329 1726 terrae,
1355 1639 1424 1710 salis
1449 1634 1484 1708 ἃ
1506 1637 1644 1709 aliorum
1666 1661 1845 1733 corporum
1866 1643 1965 1715 ineffe
1988 1667 2072 1721 uem·

540 1746 666 1841 pestate
686 1743 787 1831 ficei,
812 1763 910 1833 quam
936 1740 1098 1833 pluviosa:
1123 1737 1251 1812 Multas
1278 1743 1393 1832 Aquas
1415 1734 1564 1808 fontanas
1593 1735 1771 1824 Walletius
1803 1743 1838 1813 ln
1863 1738 2069 1843 Hidwl⁰gl²

540 1843 716 1935 descripflt.

543 2082 548 2092 .
587 2012 951 2119 §MCCCCXXX
977 2014 1043 2086 Pro
1068 2018 1161 2088 variis
1184 2015 1400 2109 corporibus,
1425 2033 1500 2104 quaa
1523 2032 1616 2103 aquae
1645 2011 1788 2089 ionmnae
1820 2016 1893 2089 sunt
1913 2020 2070 2109 inmistoe,

539 2117 678 2192 effedlus
700 2114 838 2186 eduntur
862 2112 999 2185 diverfi:
1035 2111 1121 2210 Quae
1143 2117 1231 2185 enim
1255 2136 1340 2204 aqua
1362 2110 1487 2201 spiritus
1502 2107 1607 2200 specie
1623 2111 1794 2201 abundat,
1819 2115 1944 2188 inducit
1964 2138 2069 2192 ternu·

541 2209 700 2299 lentiam,
724 2233 762 2282 ac
787 2210 810 2281 sr
830 2232 955 2281 merum
977 2214 1050 2303 quis
1073 2210 1219 2296 bibiilet,
1251 2211 1350 2284 ueluti
1374 2228 1516 2279 narratur
1538 2207 1580 2278 de
1604 2207 1695 2280 sonte
1716 2233 1823 2304 prope
1844 2215 2005 2304 oppidum
2021 2217 2069 2289 St.

542 2309 757 2393 Baldomari,
781 2307 823 2378 de
851 2308 917 2378 alio
946 2310 1134 2400 Aquitaniae
1160 2331 1229 2379 non
1251 2304 1367 2399 procul
1389 2305 1409 2375 i
1432 2302 1547 2388 Beffa,
1573 2304 1615 2375 de
1635 2305 1726 2378 sonte
1750 2313 1886 2405 inagro
1904 2310 2069 2385 Toletano

539 2430 648 2505 prope
670 2404 914 2488 Valentiolam,
949 2406 991 2476 de
1019 2403 1194 2495 Lyncestio
1224 2427 1320 2476 amne
1343 2400 1379 2473 ἂ
1405 2400 1552 2494 pluribus
1591 2400 1683 2496 (a).
1742 2405 1777 2476 Si
1798 2409 1830 2477 in
1853 2406 1951 2497 Aqua
1973 2408 2070 2483 fuerit

477 2590 480 2596 ,
538 2505 696 2597 sulphur,
720 2503 891 2588 bitumen,
917 2502 968 2574 vel
996 2502 1133 2593 crystalli
1155 2505 1246 2586 aeris,
1271 2502 1444 2583 amaricat,
1468 2498 1569 2571 veluti
1591 2500 1638 2570 est
1664 2522 1748 2591 aqua
1769 2506 1803 2574 in
1820 2502 2070 2580 Coromandelii

540 2603 671 2687 littore,
698 2595 942 2691 &Exampeus
967 2602 1001 2670 in
1027 2598 1148 2671 Ponto.
1197 2600 1232 2671 Si
1257 2599 1360 2680 salia,
1390 2600 1424 2667 in
1452 2597 1565 2685 primis
1589 2596 1719 2668 vitriola
1741 2601 1836 2672 insmt
1864 2601 1997 2691 Aqua,
2030 2603 2069 2676 fit

540 2700 612 2772 hec
630 2700 711 2768 acris
733 2693 768 2765 ἃ
792 2695 992 2780 corrodens,
1018 2695 1129 2785 quales
1155 2694 1226 2765 sunt
1247 2694 1401 2763 Thermae
1431 2689 1622 2760 Sklenenses
1646 2692 1730 2786 (b).
1781 2697 1814 2767 Si
1840 2697 1967 2770 subtiles
1984 2699 2067 2772 Ter.

538 2816 585 2867 rae
602 2796 665 2866 live
681 2796 815 2883 pyrite,
839 2790 972 2874 ferreae,
994 2811 1059 2861 una
1079 2811 1156 2862 cum
1180 2789 1307 2861 Salibus
1327 2807 1382 2858 aut
1400 2784 1534 2857 vitriolis
1554 2786 1706 2859 admixtae
1723 2790 1783 2861 fint
1801 2814 1916 2881 aquae,
1941 2796 2066 2883 quest

537 2884 916 3070 inadibili,
929 2881 1335 3069 dementium
1348 2904 1524 3067 {lentii
1549 2885 2067 3073 {liiidil‘amiid

537 3085 622 3168 bus,
649 3079 684 3150 dt
706 3078 868 3169 lapideam
890 3078 1042 3148 duritiem
1062 3078 1290 3150 induentibus:
1316 3097 1481 3150 mutantur
1501 3099 1663 3169 corpora,
1688 3100 1762 3170 quae
1786 3080 1945 3174 ejusmodi
1970 3105 2065 3177 aquae

537 3178 610 3249 sunt
631 3175 766 3267 injedia,
790 3176 825 3244 in
845 3173 988 3265 lapides,
1020 3178 1054 3245 in
1081 3176 1198 3266 quibus
1227 3176 1386 3247 canalium
1417 3174 1623 3266 pristinorum
1644 3195 1818 3262 cruorum,
1844 3174 1880 3250 dt
1905 3175 2064 3257 fibrarum

536 3271 690 3346 decursus
709 3287 888 3362 apparent,
913 3269 998 3341 adeo
1019 3292 1055 3342 ut
1078 3294 1148 3343 non
1168 3274 1361 3358 obturentur
1383 3274 1402 3342 d
1421 3271 1557 3345 materiai
1582 3272 1719 3346 terrestri
1743 3277 1817 3370 pori
1839 3272 1874 3348 dt
1901 3278 2062 3353 canalium

535 3391 635 3441 cava:
660 3371 708 3437 uti
732 3388 752 3437 a
772 3365 882 3436 multis
904 3364 983 3436 olim
1001 3368 1160 3439 creditum
1187 3370 1269 3453 fuit,
1295 3371 1371 3442 ideo
1394 3369 1526 3440 arbores
1549 3372 1583 3440 in
1596 3372 1764 3443 montibus
1785 3374 1922 3468 lapidee
1942 3397 2061 3450 eruun-

537 3484 612 3551 tur,
641 3483 705 3535 tam
720 3464 828 3546 durae,
853 3482 891 3535 ut
909 3463 1063 3554 percuffae
1086 3465 1223 3557 chalybe
1248 3465 1398 3539 scintillas
1420 3466 1539 3538 edant:
1564 3466 1724 3557 ejusmodi
1737 3471 1887 3543 arborem
1915 3473 1949 3544 in
1964 3497 2061 3547 mon·

536 3580 570 3636 te
617 3559 665 3632 Sti
705 3560 891 3653 Symphorii
928 3563 962 3632 in
1002 3564 1103 3635 tradiit
1137 3562 1255 3636 Galliae
1292 3563 1453 3657 ‚Etampes
1482 3565 1605 3637 invenit
1634 3562 1728 3635 Nob.
1765 3566 1903 3641 Clozier
1938 3566 2058 3646 &de-

534 3655 656 3752 rcrrpfit
680 3657 766 3753 (c).
806 3654 907 3730 Hunc
926 3658 1076 3750 prestant
1104 3659 1258 3733 effedum
1283 3661 1376 3733 multi
1400 3660 1530 3748 sontes,
1556 3660 1705 3753 descripti
1727 3685 1746 3734 a
1771 3663 1921 3738 Vitruvio
1955 3668 2059 3764 (d),

532 3755 693 3829 Strabone
718 3756 801 3850 (e),
825 3754 934 3824 Plinio
959 3754 1057 3850 (f),
1083 3756 1190 3829 Caesro
1218 3758 1314 3853 (g),
1340 3758 1416 3828 Plot
1441 3757 1520 3850 (h).
1570 3756 1608 3828 ln
1629 3757 1736 3830 Insula
1756 3762 1903 3836 Sumatra
1928 3763 2057 3840 flumen

532 3852 626 3923 alluit
647 3853 763 3921 urbem
784 3849 1003 3943 Palimbang,
1028 3850 1074 3919 est
1101 3851 1217 3940 aliquis
1248 3856 1281 3921 in
1309 3852 1449 3923 flumine
1481 3853 1595 3936 locus,
1621 3856 1675 3925 cui
1698 3856 1850 3950 injedium
1874 3881 1973 3932 omne
1992 3862 2056 3961 lig·

532 3967 613 4019 num
637 3945 718 4037 lapis
740 3945 776 4017 fit
801 3943 879 4037 (i).
904 3949 938 4017 in
961 3949 1097 4042 regione
1120 3946 1209 4017 Chili
1231 3952 1379 4021 americae
1399 3948 1521 4021 fluvius
1542 3949 1612 4036 est,
1646 3956 1702 4041 qui
1727 3958 1849 4027 radices
1873 3955 1985 4027 Salicis
2010 3959 2058 4030 al·

530 4039 646 4133 luens,
671 4062 725 4113 eas
745 4045 779 4114 in
805 4041 910 4115 Silicis
936 4041 1087 4115 duritiem
1113 4048 1304 4133 convertit,
1337 4067 1374 4118 ut
1396 4068 1436 4119 ex
1458 4044 1610 4138 percuffis
1630 4048 1772 4128 scintillae
1791 4054 1896 4149 ignee
1921 4052 2054 4127 elician-

886 4157 911 4192 s
2003 4169 2055 4225 tur

604 4360 663 4439 (a)
684 4366 805 4427 Varenii
828 4365 937 4439 Geogr.
959 4363 989 4426 S.
1009 4366 1059 4427 VI.
1082 4368 1153 4443 Cap.
1180 4384 1225 4438 ιγ.
1243 4366 1271 4445 5.
1294 4375 1325 4432 6.

516 4470 519 4474 ²
601 4447 661 4517 (ii)
682 4445 780 4504 bellus
803 4447 932 4517 Hungar.
954 4443 986 4504 L.
1009 4458 1036 4516 3.
1058 4464 1123 4522 pag.
1145 4461 1210 4519 135.

601 4520 660 4593 (c)
681 4524 841 4582 Memoires
861 4522 897 4579 de
919 4523 1061 4585 Mathem.
1083 4523 1111 4584 dt
1132 4524 1246 4603 Pbyfiq.
1270 4526 1357 4585 Tum.
1380 4540 1408 4583 s.
1429 4540 1487 4602 pag
1520 4535 1587 4602 5⁹⁸·

601 4598 661 4669 (d)
682 4600 763 4658 Libr.
787 4618 815 4678 3.
838 4600 908 4675 Cap.
929 4607 957 4665 8.

601 4676 762 4749 (a)Libr.
788 4691 830 4749 13.
851 4695 915 4754 pag.
940 4695 1007 4752 529.
1128 4680 1131 4685 ’

603 4750 643 4828 (f
678 4752 744 4811 Lib.
766 4770 795 4813 a.
818 4757 888 4832 Cap.
914 4754 1027 4836 1034&
1047 4759 1123 4819 Lm·
1137 4773 1184 4833 31.
1205 4761 1275 4839 Cap.
1297 4776 1327 4820 a.
1350 4761 1375 4835 ς.
1397 4775 1448 4824 ω.

600 4831 616 4900 (
621 4831 664 4907 g)
686 4831 734 4888 De
756 4831 948 4895 Mineralibus
969 4835 1036 4895 Lib.
1062 4852 1084 4894 r.
1108 4839 1179 4915 Cep,
1198 4846 1228 4899 6.

600 4909 639 4979 (b
647 4918 661 4981 )
681 4908 783 4967 Natus.
806 4911 917 4973 Hister.
938 4913 975 4972 of
992 4913 1194 4981 Oxfotdibire
1212 4915 1268 4976 cb.
1290 4922 1327 4990 5(
1337 4929 1363 4993 j.
1387 4931 1437 4991 ος.
1613 4941 1615 4945 ·

600 4984 653 5072 (i)
672 4986 986 5076 VdeutroDeiuipu
1006 4983 1145 5058 suarna
1165 4996 1254 5059 Tota·
1277 4998 1316 5062 V.
1336 5010 1405 5076 pag.
1429 5000 1495 5062 ui·
1524 5020 1544 5033 ··
1583 5017 1627 5032 ·····
1687 5019 1724 5026 ··
1836 5015 1840 5022 ·
