4992 6767
538 668 629 786 ,rr
763 635 1421 748 numerisouts
1479 627 1914 746 Aouurs„

547 870 676 962 pisanus
706 874 862 951 patrem,
887 847 964 919 hec
987 847 1049 916 erit
1081 839 1212 934 pondus
1241 837 1355 910 nubis.
1395 830 1561 901 Ponamus
1586 827 1720 920 pondus
1741 792 1836 921 pedis
1863 827 1975 900 cubici
1997 827 2082 901 aeris

549 961 615 1036 elle
640 959 723 1050 694.
757 974 850 1050 gran.
894 943 929 1016 de
964 945 1086 1015 nubem
1118 937 1182 1010 eise
1215 936 1323 1007 6000.
1357 928 1458 1021 pedes
1485 926 1650 1024 longam,
1687 925 1795 996 6000.
1831 925 1934 1017 pedes
1962 925 2083 1013 latam,

549 1057 589 1134 de
617 1078 721 1128 1000.
752 1049 855 1142 pedes
878 1042 996 1131 altam,
1021 1041 1082 1110 crit
1107 1056 1176 1107 turn
1199 1032 1321 1124 pedum
1348 1027 1540 1099 cubicorum
1575 1024 1856 1116 36000000000.
1889 1026 1944 1115 qui
1970 1023 2084 1093 multi·

548 1157 661 1252 plicari
691 1155 725 1221 in
758 1148 842 1236 694.
872 1140 1003 1232 pondus
1034 1155 1162 1230 granor.
1204 1130 1327 1199 dabunt
1363 1123 1716 1217 24984000000000.
1752 1121 1818 1192 Sed
1848 1120 1973 1192 decima
2004 1141 2083 1212 pars

552 1253 599 1326 est
623 1248 726 1320 modo
751 1260 930 1333 vaporum,
956 1234 1106 1321 adeoque
1133 1226 1288 1298 divisione
1309 1223 1390 1295 faeta
1415 1240 1475 1311 per
1504 1240 1558 1290 ιο.
1585 1222 1645 1290 etit
1669 1219 2003 1311 04984000000'00.
2032 1239 2082 1313 gr.

552 1370 630 1424 cunr
647 1345 756 1438 7680.
783 1357 880 1434 grana
894 1331 1036 1402 efficiant
1052 1326 1183 1416 pondus
1204 1321 1333 1406 Librae,
1357 1317 1519 1414 posterior
1540 1337 1695 1390 numerus
1724 1316 1883 1388 dividatur
1899 1337 1958 1407 per
1974 1315 2084 1408 7680.

555 1443 765 1537 &quotiens
788 1436 849 1502 erit
870 1427 972 1518 major
998 1445 1096 1515 quarn
1124 1423 1357 1513 325182290.
1385 1417 1562 1503 librarum,
1587 1413 1671 1484 adeo
1694 1434 1730 1484 ut
1744 1413 1877 1507 pondus
1898 1410 2084 1505 hujusmodi

556 1545 652 1617 nubis
681 1536 774 1605 suin
798 1549 886 1610 cns,
917 1520 953 1594 ἃ
979 1545 998 1591 u
1021 1519 1168 1611 pluribus
1197 1518 1337 1588 nubibus
1361 1512 1578 1604 atmosphaera·
1603 1510 1754 1582 reddatur
1783 1510 1868 1581 ultra
1894 1508 1989 1580 iidem
2011 1529 2089 1606 gru·

556 1643 649 1709 vior:
676 1631 699 1700 fi
725 1549 946 1719 puduerinms,
969 1619 1090 1688 nubent
1110 1617 1269 1704 componi
1290 1635 1330 1684 ex
1344 1631 1475 1684 centum
1494 1609 1640 1698 pluribus
1656 1608 1823 1697 particulis
1837 1608 1964 1691 a'r'reis,
1985 1624 2085 1695 quarn

558 1727 744 1824 vaporosis,
770 1721 876 1793 adhuc
907 1716 1029 1809 cyphru
1055 1735 1097 1784 ex
1119 1712 1236 1782 ultimo
1269 1730 1407 1783 numero
1430 1706 1655 1778 abscindatur:
1685 1702 1707 1772 sr
1733 1703 1849 1775 millies
1881 1702 1956 1793 plus
1979 1705 2084 1785 adris,

561 1849 659 1921 quarn
691 1822 820 1914 vaporis
839 1817 1014 1898 llatuatur,
1039 1812 1112 1882 duae
1132 1829 1361 1904 expungantur
1378 1804 1499 1877 ulrinae
1524 1799 1683 1892 cyphrae,
1710 1795 1803 1872 &iic
1819 1818 1942 1892 porro,
1967 1797 2086 1870 nihilo·

561 1928 669 1998 minus
690 1937 843 1993 numerus
867 1916 982 2007 ingens
1007 1910 1192 2002 ponderum
1219 1906 1365 1978 manebit
1389 1898 1556 1993 superstes.
1684 1933 1688 1940 ·

611 2040 643 2138 h.
669 2031 970 2112 lllNlCCCXLll.
997 2032 1063 2098 Sed
1093 2030 1194 2098 mults
1226 2034 1259 2095 in
1295 2023 1438 2094 nubibus
1468 2015 1678 2088 examinanda
1700 2015 1846 2090 mstant:
1874 2022 1925 2093 uti
1961 2040 2010 2090 ιο.
2038 2020 2091 2092 An

556 2140 697 2222 nubes,
733 2157 806 2224 quse
838 2151 902 2200 con
930 2145 985 2196 ant
1011 2145 1051 2193 cx
1083 2124 1287 2212 vaporibus,
1320 2117 1390 2189 sunt
1422 2134 1516 2206 arque
1546 2111 1725 2194 eleilticu,
1758 2133 1796 2183 ac
1828 2135 1902 2205 quae
1936 2117 2094 2188 constant

567 2259 610 2308 cx
631 2231 835 2304 anhelitibus.
879 2245 928 2294 2⁰.
967 2223 1022 2289 Au
1045 2220 1147 2289 nubes
1169 2238 1209 2287 ex
1240 2212 1435 2285 anhelitibus
1471 2210 1541 2281 sunt
1569 2229 1658 2297 aeque
1686 2206 1840 2280 elrurlcae
1870 2211 1993 2300 absque
2020 2214 2093 2284 dis·

565 2309 730 2404 crimine:
762 2345 805 2393 un
830 2321 901 2390 aliae
932 2316 1003 2387 aliis
1027 2316 1097 2385 sunt
1127 2316 1231 2408 magis
1255 2312 1413 2385 eleetricae
1443 2328 1506 2399 pro
1537 2304 1724 2388 halituum,
1757 2305 1992 2395 tempestatisvc
2023 2308 2092 2380 dis·

567 2423 734 2501 crimine?
760 2416 795 2491 ἃ
819 2436 970 2508 quaenatn
994 2412 1065 2481 sunt
1089 2410 1197 2481 tales?

621 2544 671 2615 30.
696 2516 865 2616 Quamdiu
894 2511 1083 2582 dediticius
1106 2507 1268 2598 quaslibet
1294 2507 1398 2579 nubes
1420 2506 1548 2601 cingit,
1580 2516 1637 2571 aut
1658 2502 1791 2599 cingere
1813 2499 1950 2592 potest?
1975 2502 2031 2574 uel
2047 2501 2097 2574 so·

569 2620 645 2695 leti
1360 2633 1363 2642 ·

620 2737 674 2808 4⁰·
706 2712 761 2784 An
793 2729 909 2780 omnes
940 2707 1044 2776 nubes
1075 2705 1167 2775 simili
1204 2702 1308 2775 modo
1328 2703 1488 2773 amittunt
1520 2697 1789 2782 cledlricitatem,
1826 2716 1869 2775 an
1902 2699 2024 2785 vario,
2062 2695 2094 2771 d:

571 2809 768 2910 quomodo?
795 2806 952 2897 aquibus
976 2800 1202 2873 occasionibus
1225 2820 1281 2871 aut
1308 2799 1432 2871 canisi

622 2928 673 3003 50.
698 2905 752 2977 An
775 2922 883 2996 partes
913 2903 945 2971 in
966 2900 1057 2970 nube
1079 2897 1273 2971 confistente
1296 2895 1495 2989 quiescunt?
1525 2892 1706 2969 verofimile
1731 2891 1778 2964 cll
1808 2913 1877 2965 turn
1910 2915 1965 2964 eas
1993 2896 2095 2986 quies·

573 3029 671 3090 cere,
695 3003 794 3075 veluti
816 3019 922 3091 partes
947 3001 1069 3088 pappi,
1092 3017 1149 3067 aut
1179 2994 1398 3087 plumularum
1427 2995 1468 3065 ab
1491 2994 1698 3065 eledricitate
1721 2991 1837 3064 ciniiae
1859 2990 2054 3084 quiescunt,
2077 3014 2095 3062 a

571 3124 688 3178 centro
709 3099 751 3170 ad
776 3093 993 3188 peripheriam
1016 3096 1049 3163 in
1072 3095 1195 3163 redium
1215 3093 1380 3168 exteusae:
1411 3114 1481 3163 non
1505 3112 1612 3163 tamen
1638 3089 1765 3179 semper
1796 3087 1990 3180 quiescunt,
2022 3111 2095 3161 cum

574 3202 711 3273 instante
734 3195 856 3266 tonitru
882 3191 985 3261 nubes
1011 3189 1100 3280 quast
1122 3192 1154 3260 in
1176 3212 1338 3282 perpetuo
1362 3188 1560 3283 sulabore,
1593 3188 1758 3259 continuis
1774 3185 1923 3280 subjecla
1945 3190 2096 3260 mutatio·

453 3294 458 3302 ’
574 3297 673 3368 nibus
699 3290 841 3385 figurae,
876 3285 1066 3371 denfitatis,
1091 3288 1349 3383 magnitudinis,
1381 3286 1459 3360 loci.

624 3413 660 3512 ς.
686 3409 1005 3485 ululcccxllu.
1029 3409 1178 3484 Nubium
1202 3414 1334 3510 insignis
1359 3412 1405 3482 est
1427 3412 1556 3484 utilitas.

632 3533 680 3584 10.
708 3507 871 3581 Deserunt
898 3509 1016 3601 pluviae
1048 3512 1215 3582 materiam
1244 3511 1287 3582 ad
1313 3532 1428 3580 omnes
1452 3513 1633 3604 regiones,
1663 3510 1740 3600 quia
1772 3529 1848 3584 cum
1870 3509 1943 3582 rere
1967 3511 2037 3582 sunt
2062 3513 2098 3580 in

578 3608 792 3702 equilibrio,
823 3629 842 3675 a
865 3608 968 3678 ventis
986 3605 1230 3697 quoquoversus
1261 3603 1426 3697 pelluntur
1453 3610 1486 3675 in
1508 3607 1583 3675 adre
1605 3624 1779 3691 natantes;
1814 3605 2009 3699 plerumque
2033 3628 2099 3679 ver·

580 3729 690 3782 tuntur
715 3708 751 3776 in
776 3702 947 3794 pluviam,
972 3724 1045 3792 quae
1072 3705 1220 3774 omniunt
1244 3701 1425 3793 plantarum
1456 3701 1501 3774 est
1528 3704 1778 3774 nutrimentum:
1802 3705 1966 3801 contingit
1988 3725 2024 3775 ut
2046 3702 2100 3775 sub

581 3805 686 3878 forma
710 3801 833 3890 pluviae
861 3820 931 3868 non
952 3795 1136 3882 decidant,
1169 3795 1205 3870 o:
1229 3820 1337 3870 tamen
1363 3800 1468 3872 solum
1490 3801 1702 3884 diomedem,
1735 3822 1810 3872 nam
1833 3801 1983 3873 conllant
2005 3804 2100 3895 potis·

581 3902 697 3973 limum
722 3915 763 3963 ex
786 3893 983 3984 vaporibus:
1010 3894 1086 3965 ideo
1104 3895 1236 3984 quando
1249 3898 1450 3968 itineratores
1466 3901 1526 3969 iter
1541 3896 1662 3969 faciunt
1682 3898 1715 3968 iu
1730 3897 1894 3989 Alpibus,
1922 3898 2101 3990 Pyrenaeis,

583 3994 719 4083 aliisque
743 3991 935 4079 montibus,
970 4010 1038 4062 turn
1061 3990 1193 4077 solum,
1225 3994 1260 4064 in
1282 4015 1346 4084 qua
1368 3995 1534 4066 altitudine
1562 3996 1665 4067 nubes
1687 4013 1826 4079 naunt,
1858 3995 2024 4069 humidius
2048 3997 2103 4068 dc·

583 4090 811 4188 prehendunt,
838 4109 937 4181 quam
966 4090 1000 4159 in
1022 4088 1189 4160 altioribus
1212 4090 1322 4175 locis,
1356 4096 1431 4184 quia
1463 4095 1565 4163 nubes
1588 4092 1660 4163 suos
1691 4112 1816 4182 aqueos
1841 4114 1981 4185 vapores
2012 4097 2104 4165 tetris

585 4207 756 4282 apponunt
782 4185 866 4281 (a):
891 4185 988 4258 veluti
1004 4189 1109 4259 -etiam
1135 4189 1169 4260 in
1194 4186 1401 4262 lnsula'Divi
1425 4189 1584 4276 Thomae,
1609 4191 1643 4260 in
1660 4207 1723 4279 qua
1741 4209 1904 4280 nunquam
1919 4191 2022 4279 pluit,
2050 4190 2105 4261 sed

584 4286 620 4358 in
643 4285 754 4357 medio
779 4305 875 4355 ruons
899 4282 946 4354 est
970 4282 1143 4369 excelsus,
1175 4287 1345 4359 arboribus
1370 4288 1536 4372 consutus,
1570 4287 1624 4378 qui
1649 4285 1787 4358 nubibus
1810 4283 1945 4377 appulis
1972 4285 2106 4376 semper

586 4385 733 4478 tegitur,
767 4381 878 4452 medio
903 4383 999 4464 etiam
1023 4380 1101 4452 die:
1134 4404 1240 4472 partes
1264 4385 1400 4455 nubium
1424 4387 1458 4458 in
1484 4381 1585 4455 solum
1610 4383 1641 4454 se
1662 4403 1861 4477 penetrant,
1892 4381 1984 4473 quod
2015 4383 2106 4456 adeo

588 4476 795 4565 humedlant,
819 4495 856 4546 ur
872 4495 968 4562 exeo
984 4478 1076 4549 rivuli
1093 4479 1258 4567 oriantur,
1283 4484 1341 4572 qui
1362 4485 1464 4568 srvis,
1488 4484 1637 4577 agrisque
1667 4478 1845 4566 sufficiunt,
1868 4481 1914 4552 uti
1938 4479 2030 4554 tellis
2063 4482 2106 4554 esi

586 4568 768 4644 Mercator.
817 4572 854 4643 In
881 4571 986 4643 Insula
1009 4573 1132 4661 Ferro,
1158 4597 1234 4667 quae
1259 4599 1321 4649 una
1347 4577 1393 4666 est
1418 4601 1459 4651 ex
1480 4578 1654 4666 Canariis,
1679 4575 1794 4650 crescit
1817 4578 1936 4666 arbos,
1960 4578 2053 4671 cujus
2075 4601 2105 4650 a·

586 4689 653 4762 pex
678 4669 765 4738 nube
788 4668 913 4758 semper
937 4672 1085 4766 tegitur,
1120 4671 1309 4767 delluitque
1333 4698 1373 4747 ex
1398 4676 1483 4749 soliis
1508 4676 1639 4771 pluvia,
1672 4696 1745 4771 quae
1771 4674 1909 4749 decidua
1930 4679 1965 4747 in
1994 4696 2105 4748 terram

582 4767 629 4852 ab
650 4763 766 4834 incolis
791 4763 975 4860 colligitur,
1003 4771 1123 4859 quibus
1147 4774 1241 4863 potui
1267 4773 1324 4844 est.

1952 4889 2014 4945 0⁰·
2038 4867 2103 4950 du

651 4953 715 5046 (a)
734 4958 840 5026 Nollet
860 4958 973 5042 Phyfiq.
996 4963 1084 5029 Tout.
1112 4984 1141 5045 3.
1160 4982 1228 5048 pag.
1253 4973 1322 5045 ³80·
