<?xml version="1.0" encoding="UTF-8"?>
<!DOCTYPE html PUBLIC "-//W3C//DTD XHTML 1.0 Transitional//EN"
    "http://www.w3.org/TR/xhtml1/DTD/xhtml1-transitional.dtd">
<html xmlns="http://www.w3.org/1999/xhtml" xml:lang="en" lang="en">
 <head>
  <title>
</title>
<meta http-equiv="Content-Type" content="text/html;charset=utf-8" />
  <meta name='ocr-system' content='tesseract 3.04.00' />
  <meta name='ocr-capabilities' content='ocr_page ocr_carea ocr_par ocr_line ocrx_word'/>
</head>
<body>
  <div class='ocr_page' id='page_1' title='image "./introductioadph00lulogoog_0507.png"; bbox 0 0 4992 6767; ppageno 0'>
   <div class='ocr_carea' id='block_1_1' title="bbox 577 612 1868 769">
    <p class='ocr_par' dir='ltr' id='par_1_1' title="bbox 577 612 1868 769">
     <span class='ocr_line' id='line_1_1' title="bbox 577 612 1868 769; baseline -0.021 -32"><span class='ocrx_word' id='word_1_1' title='bbox 577 681 665 769; x_wconf 66' lang='lat'>,94</span> <span class='ocrx_word' id='word_1_2' title='bbox 796 615 907 736; x_wconf 80' lang='lat' dir='ltr'>bn</span> <span class='ocrx_word' id='word_1_3' title='bbox 964 622 1453 723; x_wconf 76' lang='lat' dir='ltr'>mannonis</span> <span class='ocrx_word' id='word_1_4' title='bbox 1512 612 1868 734; x_wconf 69' lang='lat' dir='ltr'>:Qunrs</span> 
     </span>
    </p>
   </div>
   <div class='ocr_carea' id='block_1_2' title="bbox 576 814 2110 1815">
    <p class='ocr_par' dir='ltr' id='par_1_2' title="bbox 576 814 2110 1223">
     <span class='ocr_line' id='line_1_2' title="bbox 576 814 2109 940; baseline -0.015 -14"><span class='ocrx_word' id='word_1_5' title='bbox 576 873 636 940; x_wconf 88' lang='lat' dir='ltr'>te,</span> <span class='ocrx_word' id='word_1_6' title='bbox 659 850 767 922; x_wconf 86' lang='lat' dir='ltr'>minus</span> <span class='ocrx_word' id='word_1_7' title='bbox 787 841 970 915; x_wconf 89' lang='lat' dir='ltr'>alliciuntur</span> <span class='ocrx_word' id='word_1_8' title='bbox 987 823 1193 912; x_wconf 65' lang='lat' dir='ltr'>armetallls,</span> <span class='ocrx_word' id='word_1_9' title='bbox 1224 842 1321 914; x_wconf 89' lang='lat' dir='ltr'>quarn</span> <span class='ocrx_word' id='word_1_10' title='bbox 1347 820 1403 909; x_wconf 90' lang='lat' dir='ltr'>qui</span> <span class='ocrx_word' id='word_1_11' title='bbox 1424 814 1636 906; x_wconf 70' lang='lat' dir='ltr'>majoram</span> <span class='ocrx_word' id='word_1_12' title='bbox 1664 817 1782 909; x_wconf 85' lang='lat' dir='ltr'>perlusr</span> <span class='ocrx_word' id='word_1_13' title='bbox 1812 822 2047 920; x_wconf 78' lang='lat' dir='ltr'>eledlricimte,</span> <span class='ocrx_word' id='word_1_14' title='bbox 2068 838 2109 914; x_wconf 77' lang='lat' dir='ltr'>dr</span> 
     </span>
     <span class='ocr_line' id='line_1_3' title="bbox 578 914 2110 1021; baseline -0.01 0"><span class='ocrx_word' id='word_1_15' title='bbox 578 954 616 1021; x_wconf 86' lang='lat' dir='ltr'>iu</span> <span class='ocrx_word' id='word_1_16' title='bbox 639 946 750 1021; x_wconf 87' lang='lat' dir='ltr'>omnia</span> <span class='ocrx_word' id='word_1_17' title='bbox 772 940 946 1013; x_wconf 87' lang='lat' dir='ltr'>illabunmr</span> <span class='ocrx_word' id='word_1_18' title='bbox 972 949 1139 1021; x_wconf 90' lang='lat' dir='ltr'>corpora,</span> <span class='ocrx_word' id='word_1_19' title='bbox 1171 924 1218 993; x_wconf 95' lang='lat' dir='ltr'>uti</span> <span class='ocrx_word' id='word_1_20' title='bbox 1242 915 1397 997; x_wconf 81' lang='lat' dir='ltr'>nebulae,</span> <span class='ocrx_word' id='word_1_21' title='bbox 1430 936 1504 1004; x_wconf 80' lang='lat' dir='ltr'>qnae</span> <span class='ocrx_word' id='word_1_22' title='bbox 1528 914 1648 1004; x_wconf 84' lang='lat' dir='ltr'>absque</span> <span class='ocrx_word' id='word_1_23' title='bbox 1676 916 1864 993; x_wconf 84' lang='lat' dir='ltr'>discrimine</span> <span class='ocrx_word' id='word_1_24' title='bbox 1889 924 1921 997; x_wconf 82' lang='lat' dir='ltr'>se</span> <span class='ocrx_word' id='word_1_25' title='bbox 1943 936 2110 1011; x_wconf 81' lang='lat' dir='ltr'>omnibu:</span> 
     </span>
     <span class='ocr_line' id='line_1_4' title="bbox 580 1012 2109 1138; baseline -0.018 -22"><span class='ocrx_word' id='word_1_26' title='bbox 580 1043 777 1138; x_wconf 79' lang='lat' dir='ltr'>corporibus</span> <span class='ocrx_word' id='word_1_27' title='bbox 794 1038 954 1132; x_wconf 81' lang='lat' dir='ltr'>jungunt,</span> <span class='ocrx_word' id='word_1_28' title='bbox 980 1048 1056 1101; x_wconf 87' lang='lat' dir='ltr'>cum</span> <span class='ocrx_word' id='word_1_29' title='bbox 1083 1022 1159 1093; x_wconf 86' lang='lat' dir='ltr'>Ros</span> <span class='ocrx_word' id='word_1_30' title='bbox 1185 1035 1347 1107; x_wconf 83' lang='lat' dir='ltr'>corpora,</span> <span class='ocrx_word' id='word_1_31' title='bbox 1372 1013 1538 1103; x_wconf 86' lang='lat' dir='ltr'>inprimis</span> <span class='ocrx_word' id='word_1_32' title='bbox 1559 1012 1663 1102; x_wconf 86' lang='lat' dir='ltr'>polita</span> <span class='ocrx_word' id='word_1_33' title='bbox 1683 1017 1812 1089; x_wconf 90' lang='lat' dir='ltr'>metalla</span> <span class='ocrx_word' id='word_1_34' title='bbox 1834 1020 1973 1116; x_wconf 88' lang='lat' dir='ltr'>respuat:</span> <span class='ocrx_word' id='word_1_35' title='bbox 1997 1030 2109 1125; x_wconf 65' lang='lat' dir='ltr'>dqui.</span> 
     </span>
     <span class='ocr_line' id='line_1_5' title="bbox 578 1118 1353 1223; baseline -0.045 -7"><span class='ocrx_word' id='word_1_36' title='bbox 578 1142 719 1215; x_wconf 88' lang='lat' dir='ltr'>busdam</span> <span class='ocrx_word' id='word_1_37' title='bbox 742 1136 845 1207; x_wconf 88' lang='lat' dir='ltr'>modo</span> <span class='ocrx_word' id='word_1_38' title='bbox 871 1126 1066 1220; x_wconf 83' lang='lat' dir='ltr'>corporibus</span> <span class='ocrx_word' id='word_1_39' title='bbox 1087 1118 1230 1189; x_wconf 75' lang='lat' dir='ltr'>attracta.</span> <span class='ocrx_word' id='word_1_40' title='bbox 1269 1169 1277 1179; x_wconf 88' lang='lat'>..</span> <span class='ocrx_word' id='word_1_41' title='bbox 1345 1210 1353 1223; x_wconf 27' lang='grc' dir='ltr'><strong>ο</strong></span> 
     </span>
    </p>

    <p class='ocr_par' dir='ltr' id='par_1_3' title="bbox 582 1204 2109 1490">
     <span class='ocr_line' id='line_1_6' title="bbox 634 1204 2108 1317; baseline -0.014 -6"><span class='ocrx_word' id='word_1_42' title='bbox 634 1235 786 1312; x_wconf 79' lang='lat' dir='ltr'>Profedu</span> <span class='ocrx_word' id='word_1_43' title='bbox 810 1233 864 1302; x_wconf 86' lang='lat' dir='ltr'>vix</span> <span class='ocrx_word' id='word_1_44' title='bbox 886 1226 1018 1296; x_wconf 84' lang='lat' dir='ltr'>invenio</span> <span class='ocrx_word' id='word_1_45' title='bbox 1039 1217 1265 1293; x_wconf 74' lang='lat' dir='ltr'>charadletes,</span> <span class='ocrx_word' id='word_1_46' title='bbox 1299 1207 1417 1296; x_wconf 88' lang='lat' dir='ltr'>qulbus</span> <span class='ocrx_word' id='word_1_47' title='bbox 1442 1204 1594 1278; x_wconf 83' lang='lat' dir='ltr'>nebulam</span> <span class='ocrx_word' id='word_1_48' title='bbox 1625 1227 1644 1277; x_wconf 85' lang='lat' dir='ltr'>a</span> <span class='ocrx_word' id='word_1_49' title='bbox 1675 1207 1773 1282; x_wconf 89' lang='lat' dir='ltr'>Rore</span> <span class='ocrx_word' id='word_1_50' title='bbox 1803 1214 1997 1313; x_wconf 82' lang='lat' dir='ltr'>distinguere</span> <span class='ocrx_word' id='word_1_51' title='bbox 2026 1249 2108 1317; x_wconf 76' lang='lat' dir='ltr'>pos.</span> 
     </span>
     <span class='ocr_line' id='line_1_7' title="bbox 582 1303 2109 1490; baseline -0.005 -85"><span class='ocrx_word' id='word_1_52' title='bbox 582 1338 674 1421; x_wconf 82' lang='lat' dir='ltr'>sum,</span> <span class='ocrx_word' id='word_1_53' title='bbox 699 1332 756 1403; x_wconf 83' lang='lat' dir='ltr'>nifi</span> <span class='ocrx_word' id='word_1_54' title='bbox 779 1347 820 1400; x_wconf 83' lang='lat' dir='ltr'>ex</span> <span class='ocrx_word' id='word_1_55' title='bbox 841 1321 931 1490; x_wconf 50' lang='lat'>¹³93</span> <span class='ocrx_word' id='word_1_56' title='bbox 956 1318 1045 1484; x_wconf 70' lang='lat' dir='ltr'>vplrio</span> <span class='ocrx_word' id='word_1_57' title='bbox 1063 1315 1097 1383; x_wconf 92' lang='lat' dir='ltr'>in</span> <span class='ocrx_word' id='word_1_58' title='bbox 1121 1328 1285 1402; x_wconf 77' lang='lat' dir='ltr'>corpora,</span> <span class='ocrx_word' id='word_1_59' title='bbox 1305 1324 1361 1376; x_wconf 86' lang='lat' dir='ltr'>aut</span> <span class='ocrx_word' id='word_1_60' title='bbox 1384 1303 1534 1396; x_wconf 86' lang='lat' dir='ltr'>repulsu,</span> <span class='ocrx_word' id='word_1_61' title='bbox 1560 1323 1628 1376; x_wconf 83' lang='lat' dir='ltr'>tun:</span> <span class='ocrx_word' id='word_1_62' title='bbox 1643 1325 1684 1377; x_wconf 84' lang='lat' dir='ltr'>ex</span> <span class='ocrx_word' id='word_1_63' title='bbox 1702 1308 1837 1404; x_wconf 85' lang='lat' dir='ltr'>colore,</span> <span class='ocrx_word' id='word_1_64' title='bbox 1853 1310 2021 1411; x_wconf 70' lang='lat' dir='ltr'>&amp;upote</span> <span class='ocrx_word' id='word_1_65' title='bbox 2038 1326 2109 1398; x_wconf 87' lang='lat' dir='ltr'>col·</span> 
     </span>
    </p>

    <p class='ocr_par' dir='ltr' id='par_1_4' title="bbox 579 1416 1657 1620">
     <span class='ocr_line' id='line_1_8' title="bbox 651 1416 1044 1499; baseline -0.048 1"><span class='ocrx_word' id='word_1_66' title='bbox 651 1435 658 1450; x_wconf 84' lang='lat'>‘</span> <span class='ocrx_word' id='word_1_67' title='bbox 683 1429 784 1499; x_wconf 86' lang='lat' dir='ltr'>Ruris</span> <span class='ocrx_word' id='word_1_68' title='bbox 831 1417 866 1493; x_wconf 76' lang='lat' dir='ltr'>d:</span> <span class='ocrx_word' id='word_1_69' title='bbox 929 1416 970 1486; x_wconf 90' lang='lat' dir='ltr'>eb</span> <span class='ocrx_word' id='word_1_70' title='bbox 1005 1434 1044 1484; x_wconf 85' lang='lat' dir='ltr'>ae.</span> 
     </span>
     <span class='ocr_line' id='line_1_9' title="bbox 579 1434 1657 1620; baseline -0.024 -23"><span class='ocrx_word' id='word_1_71' title='bbox 579 1434 844 1620; x_wconf 41' lang='lat' dir='ltr'>leelliuousqtt&#39;e,</span> <span class='ocrx_word' id='word_1_72' title='bbox 870 1515 933 1586; x_wconf 79' lang='lat' dir='ltr'>stre</span> <span class='ocrx_word' id='word_1_73' title='bbox 956 1510 998 1583; x_wconf 90' lang='lat' dir='ltr'>ad</span> <span class='ocrx_word' id='word_1_74' title='bbox 1023 1525 1121 1600; x_wconf 87' lang='lat' dir='ltr'>quam</span> <span class='ocrx_word' id='word_1_75' title='bbox 1145 1499 1345 1575; x_wconf 77' lang='lat' dir='ltr'>altitudinem</span> <span class='ocrx_word' id='word_1_76' title='bbox 1371 1496 1445 1572; x_wconf 87' lang='lat' dir='ltr'>Ros</span> <span class='ocrx_word' id='word_1_77' title='bbox 1470 1495 1657 1572; x_wconf 71' lang='lat' dir='ltr'>adscendit?</span> 
     </span>
    </p>

    <p class='ocr_par' dir='ltr' id='par_1_5' title="bbox 582 1595 2108 1815">
     <span class='ocr_line' id='line_1_10' title="bbox 634 1595 2108 1703; baseline -0.01 -11"><span class='ocrx_word' id='word_1_78' title='bbox 634 1626 691 1694; x_wconf 86' lang='lat' dir='ltr'>An</span> <span class='ocrx_word' id='word_1_79' title='bbox 716 1617 792 1689; x_wconf 86' lang='lat' dir='ltr'>Ros</span> <span class='ocrx_word' id='word_1_80' title='bbox 816 1612 963 1686; x_wconf 86' lang='lat' dir='ltr'>relabens</span> <span class='ocrx_word' id='word_1_81' title='bbox 984 1603 1116 1689; x_wconf 74' lang='lat' dir='ltr'>nmilia,</span> <span class='ocrx_word' id='word_1_82' title='bbox 1137 1599 1188 1675; x_wconf 90' lang='lat' dir='ltr'>vel</span> <span class='ocrx_word' id='word_1_83' title='bbox 1212 1601 1335 1670; x_wconf 82' lang='lat' dir='ltr'>minum</span> <span class='ocrx_word' id='word_1_84' title='bbox 1351 1596 1557 1668; x_wconf 75' lang='lat' dir='ltr'>eledricitate</span> <span class='ocrx_word' id='word_1_85' title='bbox 1577 1595 1698 1671; x_wconf 84' lang='lat' dir='ltr'>labitur</span> <span class='ocrx_word' id='word_1_86' title='bbox 1715 1622 1758 1674; x_wconf 87' lang='lat' dir='ltr'>ex</span> <span class='ocrx_word' id='word_1_87' title='bbox 1774 1604 2041 1703; x_wconf 67' lang='lat' dir='ltr'>altuinum,</span> <span class='ocrx_word' id='word_1_88' title='bbox 2064 1639 2108 1691; x_wconf 68' lang='lat' dir='ltr'>m</span> 
     </span>
     <span class='ocr_line' id='line_1_11' title="bbox 582 1704 1007 1815; baseline -0.045 -21"><span class='ocrx_word' id='word_1_89' title='bbox 582 1736 723 1815; x_wconf 84' lang='lat' dir='ltr'>propter</span> <span class='ocrx_word' id='word_1_90' title='bbox 743 1711 838 1786; x_wconf 83' lang='lat' dir='ltr'>aliana</span> <span class='ocrx_word' id='word_1_91' title='bbox 861 1704 1007 1782; x_wconf 74' lang='lat' dir='ltr'>caulam?</span> 
     </span>
    </p>
   </div>
   <div class='ocr_carea' id='block_1_3' title="bbox 582 1816 2111 2991">
    <p class='ocr_par' dir='ltr' id='par_1_6' title="bbox 582 1816 2111 2785">
     <span class='ocr_line' id='line_1_12' title="bbox 629 1816 2109 2009; baseline -0.009 -99"><span class='ocrx_word' id='word_1_92' title='bbox 629 1838 671 2009; x_wconf 57' lang='lat' dir='ltr'>p.</span> <span class='ocrx_word' id='word_1_93' title='bbox 699 1830 981 1910; x_wconf 86' lang='lat' dir='ltr'>llllllllCCCLVI.</span> <span class='ocrx_word' id='word_1_94' title='bbox 1014 1827 1101 1902; x_wconf 88' lang='lat' dir='ltr'>Usus</span> <span class='ocrx_word' id='word_1_95' title='bbox 1117 1824 1226 1899; x_wconf 84' lang='lat' dir='ltr'>Ruris</span> <span class='ocrx_word' id='word_1_96' title='bbox 1248 1820 1295 1891; x_wconf 89' lang='lat' dir='ltr'>ell</span> <span class='ocrx_word' id='word_1_97' title='bbox 1318 1820 1523 1904; x_wconf 77' lang='lat' dir='ltr'>hurnetlare,</span> <span class='ocrx_word' id='word_1_98' title='bbox 1547 1816 1583 1890; x_wconf 75' lang='lat' dir='ltr'>dt</span> <span class='ocrx_word' id='word_1_99' title='bbox 1600 1821 1736 1895; x_wconf 86' lang='lat' dir='ltr'>-nutrire</span> <span class='ocrx_word' id='word_1_100' title='bbox 1751 1824 1894 1917; x_wconf 72' lang='lat' dir='ltr'>plantae:</span> <span class='ocrx_word' id='word_1_101' title='bbox 1914 1853 1995 1905; x_wconf 77' lang='lat' dir='ltr'>oum</span> <span class='ocrx_word' id='word_1_102' title='bbox 2018 1839 2109 1910; x_wconf 68' lang='lat' dir='ltr'>enim</span> 
     </span>
     <span class='ocr_line' id='line_1_13' title="bbox 586 1915 2107 2022; baseline -0.008 -12"><span class='ocrx_word' id='word_1_103' title='bbox 586 1960 607 2010; x_wconf 92' lang='lat' dir='ltr'>e</span> <span class='ocrx_word' id='word_1_104' title='bbox 641 1937 701 2009; x_wconf 91' lang='lat' dir='ltr'>olo</span> <span class='ocrx_word' id='word_1_105' title='bbox 723 1932 865 2005; x_wconf 84' lang='lat' dir='ltr'>escendit</span> <span class='ocrx_word' id='word_1_106' title='bbox 884 1930 991 2015; x_wconf 87' lang='lat' dir='ltr'>Ros,</span> <span class='ocrx_word' id='word_1_107' title='bbox 1023 1923 1059 1997; x_wconf 80' lang='lat' dir='ltr'>da</span> <span class='ocrx_word' id='word_1_108' title='bbox 1079 1928 1114 1997; x_wconf 90' lang='lat' dir='ltr'>in</span> <span class='ocrx_word' id='word_1_109' title='bbox 1136 1924 1214 1995; x_wconf 70' lang='lat' dir='ltr'>abre</span> <span class='ocrx_word' id='word_1_110' title='bbox 1237 1939 1346 1990; x_wconf 87' lang='lat' dir='ltr'>natare</span> <span class='ocrx_word' id='word_1_111' title='bbox 1367 1921 1509 2009; x_wconf 84' lang='lat' dir='ltr'>incipit,</span> <span class='ocrx_word' id='word_1_112' title='bbox 1542 1915 1630 1988; x_wconf 83' lang='lat' dir='ltr'>lente</span> <span class='ocrx_word' id='word_1_113' title='bbox 1656 1924 1741 2010; x_wconf 85' lang='lat' dir='ltr'>repit</span> <span class='ocrx_word' id='word_1_114' title='bbox 1764 1924 1797 1992; x_wconf 91' lang='lat' dir='ltr'>in</span> <span class='ocrx_word' id='word_1_115' title='bbox 1820 1926 1949 2014; x_wconf 85' lang='lat' dir='ltr'>altum,</span> <span class='ocrx_word' id='word_1_116' title='bbox 1982 1931 2107 2022; x_wconf 73' lang='lat' dir='ltr'>plamae</span> 
     </span>
     <span class='ocr_line' id='line_1_14' title="bbox 584 2010 2108 2121; baseline -0.004 -14"><span class='ocrx_word' id='word_1_117' title='bbox 584 2036 709 2121; x_wconf 87' lang='lat' dir='ltr'>ambit,</span> <span class='ocrx_word' id='word_1_118' title='bbox 735 2033 877 2101; x_wconf 89' lang='lat' dir='ltr'>occurrit</span> <span class='ocrx_word' id='word_1_119' title='bbox 897 2026 1052 2098; x_wconf 88' lang='lat' dir='ltr'>foliorum</span> <span class='ocrx_word' id='word_1_120' title='bbox 1074 2024 1155 2112; x_wconf 86' lang='lat' dir='ltr'>parti</span> <span class='ocrx_word' id='word_1_121' title='bbox 1177 2016 1348 2096; x_wconf 69' lang='lat' dir='ltr'>nervoso,</span> <span class='ocrx_word' id='word_1_122' title='bbox 1380 2034 1454 2102; x_wconf 86' lang='lat' dir='ltr'>quau</span> <span class='ocrx_word' id='word_1_123' title='bbox 1475 2013 1565 2080; x_wconf 88' lang='lat' dir='ltr'>illico</span> <span class='ocrx_word' id='word_1_124' title='bbox 1588 2010 1785 2101; x_wconf 85' lang='lat' dir='ltr'>humorem,</span> <span class='ocrx_word' id='word_1_125' title='bbox 1816 2019 1934 2095; x_wconf 79' lang='lat' dir='ltr'>usuris</span> <span class='ocrx_word' id='word_1_126' title='bbox 1958 2029 2108 2102; x_wconf 88' lang='lat' dir='ltr'>vasorum</span> 
     </span>
     <span class='ocr_line' id='line_1_15' title="bbox 586 2102 2109 2213; baseline -0.01 -10"><span class='ocrx_word' id='word_1_127' title='bbox 586 2131 826 2203; x_wconf 74' lang='lat' dir='ltr'>absorbendum</span> <span class='ocrx_word' id='word_1_128' title='bbox 849 2119 1059 2213; x_wconf 87' lang='lat' dir='ltr'>appolitum,</span> <span class='ocrx_word' id='word_1_129' title='bbox 1091 2112 1246 2192; x_wconf 85' lang='lat' dir='ltr'>imbibit,</span> <span class='ocrx_word' id='word_1_130' title='bbox 1271 2111 1316 2177; x_wconf 92' lang='lat' dir='ltr'>ita</span> <span class='ocrx_word' id='word_1_131' title='bbox 1337 2109 1560 2191; x_wconf 68' lang='lat' dir='ltr'>humectatur,</span> <span class='ocrx_word' id='word_1_132' title='bbox 1577 2102 1610 2179; x_wconf 80' lang='lat' dir='ltr'>dt</span> <span class='ocrx_word' id='word_1_133' title='bbox 1625 2113 1759 2183; x_wconf 81' lang='lat' dir='ltr'>nutritur</span> <span class='ocrx_word' id='word_1_134' title='bbox 1778 2112 1910 2187; x_wconf 86' lang='lat' dir='ltr'>folium:</span> <span class='ocrx_word' id='word_1_135' title='bbox 1933 2142 2014 2209; x_wconf 87' lang='lat' dir='ltr'>pars</span> <span class='ocrx_word' id='word_1_136' title='bbox 2035 2125 2109 2197; x_wconf 79' lang='lat' dir='ltr'>folii</span> 
     </span>
     <span class='ocr_line' id='line_1_16' title="bbox 582 2203 2111 2316; baseline -0.008 -19"><span class='ocrx_word' id='word_1_137' title='bbox 582 2228 733 2316; x_wconf 70' lang='lat' dir='ltr'>superior</span> <span class='ocrx_word' id='word_1_138' title='bbox 755 2219 801 2289; x_wconf 90' lang='lat' dir='ltr'>est</span> <span class='ocrx_word' id='word_1_139' title='bbox 821 2217 981 2297; x_wconf 86' lang='lat' dir='ltr'>denlior,</span> <span class='ocrx_word' id='word_1_140' title='bbox 1010 2211 1115 2306; x_wconf 85' lang='lat' dir='ltr'>magis</span> <span class='ocrx_word' id='word_1_141' title='bbox 1140 2207 1282 2304; x_wconf 85' lang='lat' dir='ltr'>glabra,</span> <span class='ocrx_word' id='word_1_142' title='bbox 1313 2208 1368 2274; x_wconf 91' lang='lat' dir='ltr'>cui</span> <span class='ocrx_word' id='word_1_143' title='bbox 1392 2203 1465 2275; x_wconf 88' lang='lat' dir='ltr'>Ros</span> <span class='ocrx_word' id='word_1_144' title='bbox 1490 2225 1559 2275; x_wconf 92' lang='lat' dir='ltr'>non</span> <span class='ocrx_word' id='word_1_145' title='bbox 1583 2204 1716 2291; x_wconf 76' lang='lat' dir='ltr'>infidet,</span> <span class='ocrx_word' id='word_1_146' title='bbox 1745 2230 1807 2285; x_wconf 87' lang='lat' dir='ltr'>nec</span> <span class='ocrx_word' id='word_1_147' title='bbox 1828 2212 2018 2301; x_wconf 85' lang='lat' dir='ltr'>attrabitur,</span> <span class='ocrx_word' id='word_1_148' title='bbox 2047 2242 2111 2293; x_wconf 83' lang='lat' dir='ltr'>aut</span> 
     </span>
     <span class='ocr_line' id='line_1_17' title="bbox 587 2296 2110 2413; baseline -0.009 -22"><span class='ocrx_word' id='word_1_149' title='bbox 587 2318 795 2413; x_wconf 82' lang='lat' dir='ltr'>purcillime:</span> <span class='ocrx_word' id='word_1_150' title='bbox 828 2314 905 2385; x_wconf 88' lang='lat' dir='ltr'>binc</span> <span class='ocrx_word' id='word_1_151' title='bbox 929 2308 1163 2403; x_wconf 84' lang='lat' dir='ltr'>intelligimus,</span> <span class='ocrx_word' id='word_1_152' title='bbox 1197 2301 1371 2393; x_wconf 88' lang='lat' dir='ltr'>quomodo</span> <span class='ocrx_word' id='word_1_153' title='bbox 1395 2296 1560 2371; x_wconf 87' lang='lat' dir='ltr'>nonnullae</span> <span class='ocrx_word' id='word_1_154' title='bbox 1585 2298 1705 2390; x_wconf 70' lang='lat' dir='ltr'>planta</span> <span class='ocrx_word' id='word_1_155' title='bbox 1724 2307 1797 2393; x_wconf 91' lang='lat' dir='ltr'>rupi</span> <span class='ocrx_word' id='word_1_156' title='bbox 1817 2309 1992 2379; x_wconf 80' lang='lat' dir='ltr'>inbdentes</span> <span class='ocrx_word' id='word_1_157' title='bbox 2014 2336 2110 2389; x_wconf 72' lang='lat' dir='ltr'>eres·</span> 
     </span>
     <span class='ocr_line' id='line_1_18' title="bbox 587 2395 2111 2505; baseline -0.005 -17"><span class='ocrx_word' id='word_1_158' title='bbox 587 2437 690 2500; x_wconf 90' lang='lat' dir='ltr'>cunt,</span> <span class='ocrx_word' id='word_1_159' title='bbox 714 2414 790 2505; x_wconf 89' lang='lat' dir='ltr'>quia</span> <span class='ocrx_word' id='word_1_160' title='bbox 814 2411 1066 2488; x_wconf 87' lang='lat' dir='ltr'>nutrimentum,</span> <span class='ocrx_word' id='word_1_161' title='bbox 1092 2399 1183 2493; x_wconf 91' lang='lat' dir='ltr'>quod</span> <span class='ocrx_word' id='word_1_162' title='bbox 1204 2397 1368 2469; x_wconf 88' lang='lat' dir='ltr'>roscidum</span> <span class='ocrx_word' id='word_1_163' title='bbox 1392 2397 1460 2481; x_wconf 87' lang='lat' dir='ltr'>est,</span> <span class='ocrx_word' id='word_1_164' title='bbox 1484 2399 1523 2466; x_wconf 90' lang='lat' dir='ltr'>iis</span> <span class='ocrx_word' id='word_1_165' title='bbox 1543 2395 1675 2488; x_wconf 85' lang='lat' dir='ltr'>sufficit,</span> <span class='ocrx_word' id='word_1_166' title='bbox 1701 2419 1769 2470; x_wconf 93' lang='lat' dir='ltr'>tum</span> <span class='ocrx_word' id='word_1_167' title='bbox 1792 2396 1827 2470; x_wconf 78' lang='lat' dir='ltr'>dt</span> <span class='ocrx_word' id='word_1_168' title='bbox 1849 2404 1988 2493; x_wconf 80' lang='lat' dir='ltr'>quilibet</span> <span class='ocrx_word' id='word_1_169' title='bbox 2006 2432 2111 2503; x_wconf 84' lang='lat' dir='ltr'>vapo-</span> 
     </span>
     <span class='ocr_line' id='line_1_19' title="bbox 586 2492 2108 2595; baseline -0.009 -13"><span class='ocrx_word' id='word_1_170' title='bbox 586 2535 641 2587; x_wconf 85' lang='lat' dir='ltr'>res</span> <span class='ocrx_word' id='word_1_171' title='bbox 665 2516 699 2582; x_wconf 90' lang='lat' dir='ltr'>in</span> <span class='ocrx_word' id='word_1_172' title='bbox 721 2512 796 2580; x_wconf 70' lang='lat' dir='ltr'>abre</span> <span class='ocrx_word' id='word_1_173' title='bbox 820 2524 993 2587; x_wconf 87' lang='lat' dir='ltr'>natantes,</span> <span class='ocrx_word' id='word_1_174' title='bbox 1026 2502 1082 2592; x_wconf 88' lang='lat' dir='ltr'>qui</span> <span class='ocrx_word' id='word_1_175' title='bbox 1105 2499 1147 2569; x_wconf 91' lang='lat' dir='ltr'>ab</span> <span class='ocrx_word' id='word_1_176' title='bbox 1171 2496 1220 2566; x_wconf 91' lang='lat' dir='ltr'>bis</span> <span class='ocrx_word' id='word_1_177' title='bbox 1249 2494 1368 2585; x_wconf 90' lang='lat' dir='ltr'>plantis</span> <span class='ocrx_word' id='word_1_178' title='bbox 1397 2492 1617 2565; x_wconf 83' lang='lat' dir='ltr'>absorbentur.</span> <span class='ocrx_word' id='word_1_179' title='bbox 1668 2493 1759 2566; x_wconf 91' lang='lat' dir='ltr'>Tum</span> <span class='ocrx_word' id='word_1_180' title='bbox 1785 2518 1900 2591; x_wconf 86' lang='lat' dir='ltr'>patet,</span> <span class='ocrx_word' id='word_1_181' title='bbox 1934 2510 2108 2595; x_wconf 71' lang='lat' dir='ltr'>quomodo</span> 
     </span>
     <span class='ocr_line' id='line_1_20' title="bbox 583 2589 2107 2773; baseline -0.003 5"><span class='ocrx_word' id='word_1_182' title='bbox 583 2590 1563 2778; x_wconf 57' lang='lat' dir='ltr'>r:tmlrrtrtlmriertr</span> <span class='ocrx_word' id='word_1_183' title='bbox 1587 2589 1744 2762; x_wconf 59' lang='lat' dir='ltr'>tritt</span> <span class='ocrx_word' id='word_1_184' title='bbox 1768 2595 2042 2773; x_wconf 47' lang='lat' dir='ltr'>:telluri</span> <span class='ocrx_word' id='word_1_185' title='bbox 2063 2608 2107 2679; x_wconf 57' lang='lat'>0¹²</span> 
     </span>
     <span class='ocr_line' id='line_1_21' title="bbox 777 2738 1387 2785; baseline -0.003 -9"><span class='ocrx_word' id='word_1_186' title='bbox 777 2752 790 2785; x_wconf 79' lang='lat'>‚</span> <span class='ocrx_word' id='word_1_187' title='bbox 1033 2764 1035 2768; x_wconf 91' lang='lat'>.</span> <span class='ocrx_word' id='word_1_188' title='bbox 1374 2738 1387 2774; x_wconf 77' lang='lat' dir='ltr'>a</span> 
     </span>
    </p>

    <p class='ocr_par' dir='ltr' id='par_1_7' title="bbox 586 2722 2106 2991">
     <span class='ocr_line' id='line_1_22' title="bbox 590 2722 2106 2968; baseline -0.005 -97"><span class='ocrx_word' id='word_1_189' title='bbox 590 2800 694 2968; x_wconf 73' lang='lat' dir='ltr'>Rloris</span> <span class='ocrx_word' id='word_1_190' title='bbox 720 2722 853 2966; x_wconf 69' lang='lat' dir='ltr'>esvoleltp,</span> <span class='ocrx_word' id='word_1_191' title='bbox 888 2797 944 2886; x_wconf 88' lang='lat' dir='ltr'>qui</span> <span class='ocrx_word' id='word_1_192' title='bbox 971 2746 1114 2883; x_wconf 65' lang='lat' dir='ltr'>qbalibet</span> <span class='ocrx_word' id='word_1_193' title='bbox 1131 2788 1237 2864; x_wconf 77' lang='lat' dir='ltr'>notio</span> <span class='ocrx_word' id='word_1_194' title='bbox 1261 2784 1306 2862; x_wconf 87' lang='lat' dir='ltr'>est</span> <span class='ocrx_word' id='word_1_195' title='bbox 1328 2783 1550 2883; x_wconf 71' lang='lat' dir='ltr'>conspicuus,</span> <span class='ocrx_word' id='word_1_196' title='bbox 1576 2786 1685 2864; x_wconf 62' lang='lat' dir='ltr'>ambit</span> <span class='ocrx_word' id='word_1_197' title='bbox 1710 2786 1859 2882; x_wconf 69' lang='lat' dir='ltr'>plwtas,</span> <span class='ocrx_word' id='word_1_198' title='bbox 1883 2786 1919 2864; x_wconf 76' lang='grc' dir='ltr'>δι</span> <span class='ocrx_word' id='word_1_199' title='bbox 1940 2724 2106 2888; x_wconf 49' lang='grc' dir='ltr'>ροηιιέαιιῗ</span> 
     </span>
     <span class='ocr_line' id='line_1_23' title="bbox 586 2914 867 2991; baseline -0.025 -21"><span class='ocrx_word' id='word_1_200' title='bbox 586 2919 709 2991; x_wconf 72' lang='lat' dir='ltr'>puvrae</span> <span class='ocrx_word' id='word_1_201' title='bbox 742 2917 810 2988; x_wconf 88' lang='lat' dir='ltr'>upp</span> <span class='ocrx_word' id='word_1_202' title='bbox 823 2914 867 2967; x_wconf 86' lang='lat' dir='ltr'>et.</span> 
     </span>
    </p>
   </div>
   <div class='ocr_carea' id='block_1_4' title="bbox 554 3008 2119 4669">
    <p class='ocr_par' dir='ltr' id='par_1_8' title="bbox 587 3008 2119 4557">
     <span class='ocr_line' id='line_1_24' title="bbox 642 3008 2106 3117; baseline 0.004 -27"><span class='ocrx_word' id='word_1_203' title='bbox 642 3017 674 3117; x_wconf 67' lang='grc' dir='ltr'>ς.</span> <span class='ocrx_word' id='word_1_204' title='bbox 698 3009 995 3090; x_wconf 82' lang='lat' dir='ltr'>bimcchVii.</span> <span class='ocrx_word' id='word_1_205' title='bbox 1028 3008 1173 3107; x_wconf 80' lang='lat' dir='ltr'>Quando</span> <span class='ocrx_word' id='word_1_206' title='bbox 1197 3010 1304 3084; x_wconf 75' lang='lat' dir='ltr'>estate</span> <span class='ocrx_word' id='word_1_207' title='bbox 1323 3008 1381 3084; x_wconf 87' lang='lat' dir='ltr'>Sol</span> <span class='ocrx_word' id='word_1_208' title='bbox 1402 3009 1610 3087; x_wconf 85' lang='lat' dir='ltr'>vehementer</span> <span class='ocrx_word' id='word_1_209' title='bbox 1630 3009 1777 3088; x_wconf 82' lang='lat' dir='ltr'>calefacit</span> <span class='ocrx_word' id='word_1_210' title='bbox 1798 3017 1953 3105; x_wconf 82' lang='lat' dir='ltr'>arbores,</span> <span class='ocrx_word' id='word_1_211' title='bbox 1976 3018 2015 3093; x_wconf 74' lang='lat' dir='ltr'>u</span> <span class='ocrx_word' id='word_1_212' title='bbox 2033 3022 2106 3096; x_wconf 83' lang='lat' dir='ltr'>ber·</span> 
     </span>
     <span class='ocr_line' id='line_1_25' title="bbox 588 3107 2107 3210; baseline 0.007 -27"><span class='ocrx_word' id='word_1_213' title='bbox 588 3121 676 3201; x_wconf 66' lang='lat' dir='ltr'>bas,</span> <span class='ocrx_word' id='word_1_214' title='bbox 700 3115 840 3184; x_wconf 90' lang='lat' dir='ltr'>volatilia</span> <span class='ocrx_word' id='word_1_215' title='bbox 860 3130 993 3202; x_wconf 91' lang='lat' dir='ltr'>quoque</span> <span class='ocrx_word' id='word_1_216' title='bbox 1017 3129 1132 3179; x_wconf 89' lang='lat' dir='ltr'>eorum</span> <span class='ocrx_word' id='word_1_217' title='bbox 1159 3108 1232 3180; x_wconf 87' lang='lat' dir='ltr'>olea</span> <span class='ocrx_word' id='word_1_218' title='bbox 1256 3107 1354 3192; x_wconf 87' lang='lat' dir='ltr'>facit,</span> <span class='ocrx_word' id='word_1_219' title='bbox 1382 3129 1455 3202; x_wconf 87' lang='lat' dir='ltr'>quae</span> <span class='ocrx_word' id='word_1_220' title='bbox 1475 3114 1543 3183; x_wconf 90' lang='lat' dir='ltr'>citu</span> <span class='ocrx_word' id='word_1_221' title='bbox 1571 3134 1639 3203; x_wconf 83' lang='lat' dir='ltr'>prae</span> <span class='ocrx_word' id='word_1_222' title='bbox 1662 3116 1836 3210; x_wconf 82' lang='lat' dir='ltr'>gmvimte,</span> <span class='ocrx_word' id='word_1_223' title='bbox 1855 3114 1895 3187; x_wconf 78' lang='lat' dir='ltr'>dt</span> <span class='ocrx_word' id='word_1_224' title='bbox 1921 3120 2055 3192; x_wconf 85' lang='lat' dir='ltr'>crallitie</span> <span class='ocrx_word' id='word_1_225' title='bbox 2076 3126 2107 3193; x_wconf 92' lang='lat' dir='ltr'>in</span> 
     </span>
     <span class='ocr_line' id='line_1_26' title="bbox 593 3204 2107 3309; baseline 0.004 -26"><span class='ocrx_word' id='word_1_226' title='bbox 593 3232 710 3283; x_wconf 89' lang='lat' dir='ltr'>terram</span> <span class='ocrx_word' id='word_1_227' title='bbox 732 3207 869 3279; x_wconf 89' lang='lat' dir='ltr'>decidua</span> <span class='ocrx_word' id='word_1_228' title='bbox 891 3208 1011 3278; x_wconf 84' lang='lat' dir='ltr'>Rorem</span> <span class='ocrx_word' id='word_1_229' title='bbox 1031 3204 1164 3300; x_wconf 81' lang='lat' dir='ltr'>oleosum</span> <span class='ocrx_word' id='word_1_230' title='bbox 1184 3207 1234 3275; x_wconf 88' lang='lat' dir='ltr'>vel</span> <span class='ocrx_word' id='word_1_231' title='bbox 1256 3209 1421 3293; x_wconf 82' lang='lat' dir='ltr'>melleum,</span> <span class='ocrx_word' id='word_1_232' title='bbox 1446 3207 1606 3280; x_wconf 88' lang='lat' dir='ltr'>efficiunt:</span> <span class='ocrx_word' id='word_1_233' title='bbox 1639 3210 1694 3284; x_wconf 91' lang='lat' dir='ltr'>hic</span> <span class='ocrx_word' id='word_1_234' title='bbox 1714 3209 1789 3282; x_wconf 82' lang='lat' dir='ltr'>Ros</span> <span class='ocrx_word' id='word_1_235' title='bbox 1807 3212 1911 3305; x_wconf 86' lang='lat' dir='ltr'>lapsus</span> <span class='ocrx_word' id='word_1_236' title='bbox 1930 3218 1963 3286; x_wconf 91' lang='lat' dir='ltr'>in</span> <span class='ocrx_word' id='word_1_237' title='bbox 1989 3240 2107 3309; x_wconf 85' lang='lat' dir='ltr'>aquam</span> 
     </span>
     <span class='ocr_line' id='line_1_27' title="bbox 587 3300 2102 3406; baseline 0.002 -26"><span class='ocrx_word' id='word_1_238' title='bbox 587 3311 715 3381; x_wconf 81' lang='lat' dir='ltr'>innatat</span> <span class='ocrx_word' id='word_1_239' title='bbox 738 3303 923 3395; x_wconf 88' lang='lat' dir='ltr'>pelliculam</span> <span class='ocrx_word' id='word_1_240' title='bbox 948 3306 1103 3398; x_wconf 86' lang='lat' dir='ltr'>pinguem</span> <span class='ocrx_word' id='word_1_241' title='bbox 1126 3300 1289 3391; x_wconf 78' lang='lat' dir='ltr'>formans:</span> <span class='ocrx_word' id='word_1_242' title='bbox 1314 3304 1439 3397; x_wconf 91' lang='lat' dir='ltr'>lapidea</span> <span class='ocrx_word' id='word_1_243' title='bbox 1462 3304 1573 3376; x_wconf 88' lang='lat' dir='ltr'>limina</span> <span class='ocrx_word' id='word_1_244' title='bbox 1602 3306 1737 3380; x_wconf 89' lang='lat' dir='ltr'>maculis</span> <span class='ocrx_word' id='word_1_245' title='bbox 1759 3312 1925 3406; x_wconf 81' lang='lat' dir='ltr'>pinguibus</span> <span class='ocrx_word' id='word_1_246' title='bbox 1940 3317 2102 3405; x_wconf 78' lang='lat' dir='ltr'>conspur-</span> 
     </span>
     <span class='ocr_line' id='line_1_28' title="bbox 592 3399 2104 3494; baseline 0.006 -20"><span class='ocrx_word' id='word_1_247' title='bbox 592 3424 671 3474; x_wconf 89' lang='lat' dir='ltr'>cat:</span> <span class='ocrx_word' id='word_1_248' title='bbox 702 3401 789 3486; x_wconf 88' lang='lat' dir='ltr'>vidi,</span> <span class='ocrx_word' id='word_1_249' title='bbox 819 3399 907 3473; x_wconf 92' lang='lat' dir='ltr'>bunc</span> <span class='ocrx_word' id='word_1_250' title='bbox 928 3399 1120 3492; x_wconf 83' lang='lat' dir='ltr'>plerumque</span> <span class='ocrx_word' id='word_1_251' title='bbox 1140 3421 1214 3472; x_wconf 88' lang='lat' dir='ltr'>ante</span> <span class='ocrx_word' id='word_1_252' title='bbox 1237 3401 1406 3474; x_wconf 86' lang='lat' dir='ltr'>meridiem</span> <span class='ocrx_word' id='word_1_253' title='bbox 1430 3402 1545 3472; x_wconf 92' lang='lat' dir='ltr'>diebus</span> <span class='ocrx_word' id='word_1_254' title='bbox 1569 3404 1775 3478; x_wconf 84' lang='lat' dir='ltr'>aestuantibus</span> <span class='ocrx_word' id='word_1_255' title='bbox 1798 3405 1961 3494; x_wconf 74' lang='lat' dir='ltr'>decidisse,</span> <span class='ocrx_word' id='word_1_256' title='bbox 1986 3407 2042 3480; x_wconf 88' lang='lat' dir='ltr'>sed</span> <span class='ocrx_word' id='word_1_257' title='bbox 2068 3413 2104 3485; x_wconf 90' lang='lat' dir='ltr'>in</span> 
     </span>
     <span class='ocr_line' id='line_1_29' title="bbox 588 3496 2108 3598; baseline 0.005 -27"><span class='ocrx_word' id='word_1_258' title='bbox 588 3499 695 3584; x_wconf 89' lang='lat' dir='ltr'>locis,</span> <span class='ocrx_word' id='word_1_259' title='bbox 720 3499 754 3570; x_wconf 88' lang='lat' dir='ltr'>in</span> <span class='ocrx_word' id='word_1_260' title='bbox 770 3500 888 3591; x_wconf 87' lang='lat' dir='ltr'>quibus</span> <span class='ocrx_word' id='word_1_261' title='bbox 902 3498 1037 3575; x_wconf 81' lang='lat' dir='ltr'>arbores</span> <span class='ocrx_word' id='word_1_262' title='bbox 1048 3496 1301 3568; x_wconf 84' lang='lat' dir='ltr'>erantconlitae:</span> <span class='ocrx_word' id='word_1_263' title='bbox 1316 3498 1403 3581; x_wconf 81' lang='lat' dir='ltr'>vidi,</span> <span class='ocrx_word' id='word_1_264' title='bbox 1423 3501 1456 3566; x_wconf 89' lang='lat' dir='ltr'>in</span> <span class='ocrx_word' id='word_1_265' title='bbox 1470 3496 1549 3566; x_wconf 82' lang='lat' dir='ltr'>fossa</span> <span class='ocrx_word' id='word_1_266' title='bbox 1566 3498 1816 3598; x_wconf 84' lang='lat' dir='ltr'>Rapenburgica</span> <span class='ocrx_word' id='word_1_267' title='bbox 1829 3503 1883 3576; x_wconf 86' lang='lat' dir='ltr'>hic</span> <span class='ocrx_word' id='word_1_268' title='bbox 1895 3502 2019 3596; x_wconf 81' lang='lat' dir='ltr'>Leydae</span> <span class='ocrx_word' id='word_1_269' title='bbox 2034 3508 2108 3579; x_wconf 89' lang='lat' dir='ltr'>llra·</span> 
     </span>
     <span class='ocr_line' id='line_1_30' title="bbox 588 3589 2119 3696; baseline 0.003 -22"><span class='ocrx_word' id='word_1_270' title='bbox 588 3600 774 3674; x_wconf 77' lang='lat' dir='ltr'>tatiacum</span> <span class='ocrx_word' id='word_1_271' title='bbox 803 3593 862 3667; x_wconf 84' lang='lat' dir='ltr'>sub</span> <span class='ocrx_word' id='word_1_272' title='bbox 888 3593 1060 3670; x_wconf 86' lang='lat' dir='ltr'>arboribus</span> <span class='ocrx_word' id='word_1_273' title='bbox 1088 3610 1206 3663; x_wconf 88' lang='lat' dir='ltr'>tantam</span> <span class='ocrx_word' id='word_1_274' title='bbox 1238 3591 1323 3662; x_wconf 90' lang='lat' dir='ltr'>colle</span> <span class='ocrx_word' id='word_1_275' title='bbox 1349 3589 1404 3662; x_wconf 84' lang='lat' dir='ltr'>‘lle</span> <span class='ocrx_word' id='word_1_276' title='bbox 1433 3591 1535 3664; x_wconf 85' lang='lat' dir='ltr'>Ruris</span> <span class='ocrx_word' id='word_1_277' title='bbox 1555 3594 1659 3667; x_wconf 90' lang='lat' dir='ltr'>mellis</span> <span class='ocrx_word' id='word_1_278' title='bbox 1675 3602 1828 3689; x_wconf 91' lang='lat' dir='ltr'>copiam,</span> <span class='ocrx_word' id='word_1_279' title='bbox 1850 3620 1888 3672; x_wconf 88' lang='lat' dir='ltr'>ut</span> <span class='ocrx_word' id='word_1_280' title='bbox 1908 3599 2119 3696; x_wconf 76' lang='lat' dir='ltr'>apparuerint</span> 
     </span>
     <span class='ocr_line' id='line_1_31' title="bbox 588 3614 2106 3794; baseline 0.005 -27"><span class='ocrx_word' id='word_1_281' title='bbox 588 3693 709 3773; x_wconf 74' lang='lat' dir='ltr'>colore</span> <span class='ocrx_word' id='word_1_282' title='bbox 722 3692 868 3776; x_wconf 84' lang='lat' dir='ltr'>austero,</span> <span class='ocrx_word' id='word_1_283' title='bbox 892 3688 970 3758; x_wconf 87' lang='lat' dir='ltr'>acfi</span> <span class='ocrx_word' id='word_1_284' title='bbox 992 3688 1129 3759; x_wconf 90' lang='lat' dir='ltr'>multum</span> <span class='ocrx_word' id='word_1_285' title='bbox 1145 3686 1298 3778; x_wconf 84' lang='lat' dir='ltr'>pluillet,</span> <span class='ocrx_word' id='word_1_286' title='bbox 1322 3614 1490 3760; x_wconf 56' lang='lat' dir='ltr'>ffraturum</span> <span class='ocrx_word' id='word_1_287' title='bbox 1506 3691 1587 3764; x_wconf 88' lang='lat' dir='ltr'>areis</span> <span class='ocrx_word' id='word_1_288' title='bbox 1610 3690 1667 3766; x_wconf 91' lang='lat' dir='ltr'>sub</span> <span class='ocrx_word' id='word_1_289' title='bbox 1686 3695 1743 3769; x_wconf 89' lang='lat' dir='ltr'>diu</span> <span class='ocrx_word' id='word_1_290' title='bbox 1761 3694 1873 3785; x_wconf 84' lang='lat' dir='ltr'>liceis,</span> <span class='ocrx_word' id='word_1_291' title='bbox 1899 3701 2106 3794; x_wconf 86' lang='lat' dir='ltr'>mundisque:</span> 
     </span>
     <span class='ocr_line' id='line_1_32' title="bbox 594 3782 2107 3885; baseline 0.005 -19"><span class='ocrx_word' id='word_1_292' title='bbox 594 3789 712 3866; x_wconf 86' lang='lat' dir='ltr'>Tradit</span> <span class='ocrx_word' id='word_1_293' title='bbox 731 3786 848 3860; x_wconf 87' lang='lat' dir='ltr'>Kulbe</span> <span class='ocrx_word' id='word_1_294' title='bbox 867 3788 902 3855; x_wconf 90' lang='lat' dir='ltr'>in</span> <span class='ocrx_word' id='word_1_295' title='bbox 917 3785 1152 3874; x_wconf 82' lang='lat' dir='ltr'>promontorio</span> <span class='ocrx_word' id='word_1_296' title='bbox 1170 3782 1276 3857; x_wconf 86' lang='lat' dir='ltr'>Bunae</span> <span class='ocrx_word' id='word_1_297' title='bbox 1300 3783 1378 3876; x_wconf 88' lang='lat' dir='ltr'>Spei</span> <span class='ocrx_word' id='word_1_298' title='bbox 1413 3806 1487 3858; x_wconf 91' lang='lat' dir='ltr'>ante</span> <span class='ocrx_word' id='word_1_299' title='bbox 1512 3809 1631 3861; x_wconf 89' lang='lat' dir='ltr'>annum</span> <span class='ocrx_word' id='word_1_300' title='bbox 1658 3791 1762 3885; x_wconf 84' lang='lat'>1708.</span> <span class='ocrx_word' id='word_1_301' title='bbox 1803 3793 1936 3870; x_wconf 89' lang='lat' dir='ltr'>Rorem</span> <span class='ocrx_word' id='word_1_302' title='bbox 1957 3799 2107 3873; x_wconf 86' lang='lat' dir='ltr'>melleum</span> 
     </span>
     <span class='ocr_line' id='line_1_33' title="bbox 595 3878 2107 3990; baseline 0.011 -36"><span class='ocrx_word' id='word_1_303' title='bbox 595 3906 665 3959; x_wconf 87' lang='lat' dir='ltr'>nun</span> <span class='ocrx_word' id='word_1_304' title='bbox 692 3881 783 3954; x_wconf 84' lang='lat' dir='ltr'>suille</span> <span class='ocrx_word' id='word_1_305' title='bbox 808 3878 1032 3961; x_wconf 88' lang='lat' dir='ltr'>observatum,</span> <span class='ocrx_word' id='word_1_306' title='bbox 1062 3882 1138 3975; x_wconf 91' lang='lat' dir='ltr'>quia</span> <span class='ocrx_word' id='word_1_307' title='bbox 1159 3899 1233 3949; x_wconf 88' lang='lat' dir='ltr'>ante</span> <span class='ocrx_word' id='word_1_308' title='bbox 1246 3882 1324 3952; x_wconf 79' lang='lat' dir='ltr'>adis</span> <span class='ocrx_word' id='word_1_309' title='bbox 1346 3885 1550 3973; x_wconf 88' lang='lat' dir='ltr'>temporibus</span> <span class='ocrx_word' id='word_1_310' title='bbox 1573 3887 1675 3961; x_wconf 90' lang='lat' dir='ltr'>solum</span> <span class='ocrx_word' id='word_1_311' title='bbox 1696 3910 1765 3962; x_wconf 84' lang='lat' dir='ltr'>erat</span> <span class='ocrx_word' id='word_1_312' title='bbox 1785 3893 1973 3984; x_wconf 87' lang='lat' dir='ltr'>incultum,</span> <span class='ocrx_word' id='word_1_313' title='bbox 1993 3899 2030 3969; x_wconf 88' lang='lat' dir='ltr'>in</span> <span class='ocrx_word' id='word_1_314' title='bbox 2046 3920 2107 3990; x_wconf 84' lang='lat' dir='ltr'>qno</span> 
     </span>
     <span class='ocr_line' id='line_1_34' title="bbox 597 3973 2106 4086; baseline 0.011 -34"><span class='ocrx_word' id='word_1_315' title='bbox 597 3978 717 4058; x_wconf 86' lang='lat' dir='ltr'>deinde</span> <span class='ocrx_word' id='word_1_316' title='bbox 739 3978 780 4050; x_wconf 90' lang='lat' dir='ltr'>ab</span> <span class='ocrx_word' id='word_1_317' title='bbox 801 3973 1041 4048; x_wconf 88' lang='lat' dir='ltr'>Hollandumm</span> <span class='ocrx_word' id='word_1_318' title='bbox 1064 3975 1194 4048; x_wconf 90' lang='lat' dir='ltr'>colonia</span> <span class='ocrx_word' id='word_1_319' title='bbox 1213 3997 1302 4049; x_wconf 87' lang='lat' dir='ltr'>arato</span> <span class='ocrx_word' id='word_1_320' title='bbox 1320 3978 1384 4049; x_wconf 85' lang='lat' dir='ltr'>latu</span> <span class='ocrx_word' id='word_1_321' title='bbox 1399 3979 1471 4050; x_wconf 89' lang='lat' dir='ltr'>sunt</span> <span class='ocrx_word' id='word_1_322' title='bbox 1490 3982 1646 4069; x_wconf 86' lang='lat' dir='ltr'>¹Semina,</span> <span class='ocrx_word' id='word_1_323' title='bbox 1669 4007 1839 4060; x_wconf 84' lang='lat' dir='ltr'>creverunt</span> <span class='ocrx_word' id='word_1_324' title='bbox 1856 3993 1979 4086; x_wconf 87' lang='lat' dir='ltr'>olera,</span> <span class='ocrx_word' id='word_1_325' title='bbox 2004 3996 2106 4067; x_wconf 80' lang='lat' dir='ltr'>multa</span> 
     </span>
     <span class='ocr_line' id='line_1_35' title="bbox 595 4071 2110 4168; baseline 0.011 -19"><span class='ocrx_word' id='word_1_326' title='bbox 595 4080 749 4166; x_wconf 86' lang='lat' dir='ltr'>arbores,</span> <span class='ocrx_word' id='word_1_327' title='bbox 770 4077 919 4168; x_wconf 83' lang='lat' dir='ltr'>vitesque</span> <span class='ocrx_word' id='word_1_328' title='bbox 939 4073 1090 4165; x_wconf 89' lang='lat' dir='ltr'>plantatae</span> <span class='ocrx_word' id='word_1_329' title='bbox 1115 4071 1193 4168; x_wconf 79' lang='lat' dir='ltr'>(a).</span> <span class='ocrx_word' id='word_1_330' title='bbox 1213 4071 1257 4145; x_wconf 74' lang='lat' dir='ltr'>‘In</span> <span class='ocrx_word' id='word_1_331' title='bbox 1283 4075 1398 4147; x_wconf 90' lang='lat' dir='ltr'>Suecia</span> <span class='ocrx_word' id='word_1_332' title='bbox 1422 4077 1605 4153; x_wconf 86' lang='lat' dir='ltr'>observatur</span> <span class='ocrx_word' id='word_1_333' title='bbox 1625 4079 1698 4157; x_wconf 79' lang='lat' dir='ltr'>Rus</span> <span class='ocrx_word' id='word_1_334' title='bbox 1718 4083 1856 4159; x_wconf 88' lang='lat' dir='ltr'>melleus</span> <span class='ocrx_word' id='word_1_335' title='bbox 1872 4090 2029 4163; x_wconf 88' lang='lat' dir='ltr'>deciduus</span> <span class='ocrx_word' id='word_1_336' title='bbox 2044 4089 2110 4164; x_wconf 86' lang='lat' dir='ltr'>me·</span> 
     </span>
     <span class='ocr_line' id='line_1_36' title="bbox 597 4168 2110 4277; baseline 0.007 -26"><span class='ocrx_word' id='word_1_337' title='bbox 597 4178 650 4251; x_wconf 90' lang='lat' dir='ltr'>dia</span> <span class='ocrx_word' id='word_1_338' title='bbox 672 4176 804 4260; x_wconf 82' lang='lat' dir='ltr'>aestate,</span> <span class='ocrx_word' id='word_1_339' title='bbox 838 4172 924 4243; x_wconf 82' lang='lat' dir='ltr'>cudit</span> <span class='ocrx_word' id='word_1_340' title='bbox 945 4173 978 4240; x_wconf 94' lang='lat' dir='ltr'>in</span> <span class='ocrx_word' id='word_1_341' title='bbox 1001 4168 1136 4243; x_wconf 82' lang='lat' dir='ltr'>diversas</span> <span class='ocrx_word' id='word_1_342' title='bbox 1155 4170 1306 4259; x_wconf 87' lang='lat' dir='ltr'>arbores,</span> <span class='ocrx_word' id='word_1_343' title='bbox 1331 4176 1495 4266; x_wconf 80' lang='lat' dir='ltr'>praecipue</span> <span class='ocrx_word' id='word_1_344' title='bbox 1519 4178 1552 4247; x_wconf 91' lang='lat' dir='ltr'>in</span> <span class='ocrx_word' id='word_1_345' title='bbox 1577 4176 1754 4276; x_wconf 81' lang='lat' dir='ltr'>Quercus,</span> <span class='ocrx_word' id='word_1_346' title='bbox 1777 4181 1972 4277; x_wconf 78' lang='lat' dir='ltr'>Fraxinum,</span> <span class='ocrx_word' id='word_1_347' title='bbox 1998 4189 2110 4277; x_wconf 85' lang='lat' dir='ltr'>Acer,</span> 
     </span>
     <span class='ocr_line' id='line_1_37' title="bbox 591 4265 2110 4377; baseline 0.009 -32"><span class='ocrx_word' id='word_1_348' title='bbox 591 4270 786 4366; x_wconf 73' lang='lat' dir='ltr'>Lupulum,</span> <span class='ocrx_word' id='word_1_349' title='bbox 814 4268 925 4360; x_wconf 87' lang='lat' dir='ltr'>sapore</span> <span class='ocrx_word' id='word_1_350' title='bbox 948 4266 993 4336; x_wconf 87' lang='lat' dir='ltr'>est</span> <span class='ocrx_word' id='word_1_351' title='bbox 1014 4265 1123 4353; x_wconf 89' lang='lat' dir='ltr'>dulci,</span> <span class='ocrx_word' id='word_1_352' title='bbox 1148 4268 1253 4340; x_wconf 86' lang='lat' dir='ltr'>odore</span> <span class='ocrx_word' id='word_1_353' title='bbox 1273 4275 1419 4366; x_wconf 84' lang='lat' dir='ltr'>ingrato:</span> <span class='ocrx_word' id='word_1_354' title='bbox 1442 4270 1638 4346; x_wconf 87' lang='lat' dir='ltr'>frumentum</span> <span class='ocrx_word' id='word_1_355' title='bbox 1659 4279 1695 4349; x_wconf 90' lang='lat' dir='ltr'>in</span> <span class='ocrx_word' id='word_1_356' title='bbox 1708 4276 1800 4370; x_wconf 66' lang='lat' dir='ltr'>‘spicis</span> <span class='ocrx_word' id='word_1_357' title='bbox 1813 4285 2011 4375; x_wconf 86' lang='lat' dir='ltr'>corrumpit:</span> <span class='ocrx_word' id='word_1_358' title='bbox 2038 4308 2110 4377; x_wconf 91' lang='lat' dir='ltr'>quo</span> 
     </span>
     <span class='ocr_line' id='line_1_38' title="bbox 594 4363 2107 4557; baseline 0.011 -21"><span class='ocrx_word' id='word_1_359' title='bbox 594 4363 1896 4557; x_wconf 50' lang='lat' dir='ltr'>r:bl:i:1inediti¹*r::irriserislsi‘btll²:⁰¹¹</span> <span class='ocrx_word' id='word_1_360' title='bbox 1910 4382 2107 4553; x_wconf 45' lang='lat' dir='ltr'>&#39;‘3¹¹5‘sz</span> 
     </span>
    </p>

    <p class='ocr_par' dir='ltr' id='par_1_9' title="bbox 554 4477 2107 4669">
     <span class='ocr_line' id='line_1_39' title="bbox 1104 4494 2021 4551; baseline 0.005 -5"><span class='ocrx_word' id='word_1_361' title='bbox 1104 4511 1116 4546; x_wconf 73' lang='lat'>9</span> <span class='ocrx_word' id='word_1_362' title='bbox 1717 4494 1750 4543; x_wconf 90' lang='lat' dir='ltr'>m</span> <span class='ocrx_word' id='word_1_363' title='bbox 1770 4494 1804 4545; x_wconf 87' lang='lat' dir='ltr'>ar</span> <span class='ocrx_word' id='word_1_364' title='bbox 1849 4496 1899 4546; x_wconf 88' lang='lat' dir='ltr'>res</span> <span class='ocrx_word' id='word_1_365' title='bbox 2010 4531 2021 4551; x_wconf 93' lang='lat'><strong>.</strong></span> 
     </span>
     <span class='ocr_line' id='line_1_40' title="bbox 554 4477 2107 4669; baseline 0.015 -40"><span class='ocrx_word' id='word_1_366' title='bbox 554 4565 558 4572; x_wconf 88' lang='lat'>&#39;</span> <span class='ocrx_word' id='word_1_367' title='bbox 596 4581 643 4638; x_wconf 77' lang='lat' dir='ltr'>an</span> <span class='ocrx_word' id='word_1_368' title='bbox 665 4561 717 4633; x_wconf 85' lang='lat' dir='ltr'>hae</span> <span class='ocrx_word' id='word_1_369' title='bbox 738 4557 975 4633; x_wconf 83' lang='lat' dir='ltr'>observationes</span> <span class='ocrx_word' id='word_1_370' title='bbox 999 4559 1132 4651; x_wconf 88' lang='lat' dir='ltr'>quidem</span> <span class='ocrx_word' id='word_1_371' title='bbox 1158 4556 1232 4631; x_wconf 88' lang='lat' dir='ltr'>sunt</span> <span class='ocrx_word' id='word_1_372' title='bbox 1256 4561 1445 4635; x_wconf 73' lang='lat' dir='ltr'>accurate?</span> <span class='ocrx_word' id='word_1_373' title='bbox 1477 4517 1524 4640; x_wconf 67' lang='lat' dir='ltr'>u}</span> <span class='ocrx_word' id='word_1_374' title='bbox 1544 4587 1586 4642; x_wconf 87' lang='lat' dir='ltr'>an</span> <span class='ocrx_word' id='word_1_375' title='bbox 1609 4590 1681 4647; x_wconf 85' lang='lat' dir='ltr'>nnn</span> <span class='ocrx_word' id='word_1_376' title='bbox 1706 4566 1782 4648; x_wconf 86' lang='lat' dir='ltr'>Ros</span> <span class='ocrx_word' id='word_1_377' title='bbox 1802 4479 1965 4668; x_wconf 47' lang='lat' dir='ltr'>melcol,</span> <span class='ocrx_word' id='word_1_378' title='bbox 1983 4477 2107 4669; x_wconf 63' lang='lat' dir='ltr'>&gt;quiin</span> 
     </span>
    </p>
   </div>
   <div class='ocr_carea' id='block_1_5' title="bbox 2006 4671 2108 4773">
    <p class='ocr_par' dir='ltr' id='par_1_10' title="bbox 2006 4671 2108 4773">
     <span class='ocr_line' id='line_1_41' title="bbox 2006 4671 2108 4773; baseline 0 -13"><span class='ocrx_word' id='word_1_379' title='bbox 2006 4671 2108 4773; x_wconf 78' lang='lat' dir='ltr'>Quer.</span> 
     </span>
    </p>
   </div>
   <div class='ocr_carea' id='block_1_6' title="bbox 556 4837 715 5044">
    <p class='ocr_par' dir='ltr' id='par_1_11' title="bbox 556 4837 715 5044">
     <span class='ocr_line' id='line_1_42' title="bbox 671 4837 715 4914; baseline 0 -15"><span class='ocrx_word' id='word_1_380' title='bbox 671 4837 715 4914; x_wconf 65' lang='lat' dir='ltr'>(a</span> 
     </span>
     <span class='ocr_line' id='line_1_43' title="bbox 556 4917 714 5044; baseline 0 -49"><span class='ocrx_word' id='word_1_381' title='bbox 556 5036 561 5044; x_wconf 21' lang='grc' dir='ltr'><em>ι</em></span> <span class='ocrx_word' id='word_1_382' title='bbox 671 4917 714 4995; x_wconf 68' lang='lat' dir='ltr'>u</span> 
     </span>
    </p>
   </div>
   <div class='ocr_carea' id='block_1_7' title="bbox 719 4795 1547 5020">
    <p class='ocr_par' dir='ltr' id='par_1_12' title="bbox 719 4795 1547 5020">
     <span class='ocr_line' id='line_1_44' title="bbox 719 4795 1462 4918; baseline 0.012 -20"><span class='ocrx_word' id='word_1_383' title='bbox 719 4836 736 4914; x_wconf 87' lang='lat'>)</span> <span class='ocrx_word' id='word_1_384' title='bbox 757 4837 852 4899; x_wconf 82' lang='lat' dir='ltr'>linibe</span> <span class='ocrx_word' id='word_1_385' title='bbox 873 4837 1069 4917; x_wconf 73' lang='lat' dir='ltr'>neicbryrlng</span> <span class='ocrx_word' id='word_1_386' title='bbox 1088 4858 1144 4904; x_wconf 87' lang='lat' dir='ltr'>van</span> <span class='ocrx_word' id='word_1_387' title='bbox 1166 4840 1203 4902; x_wconf 85' lang='lat' dir='ltr'>de</span> <span class='ocrx_word' id='word_1_388' title='bbox 1221 4839 1302 4918; x_wconf 78' lang='lat' dir='ltr'>Kasp</span> <span class='ocrx_word' id='word_1_389' title='bbox 1323 4795 1411 4906; x_wconf 76' lang='lat' dir='ltr'>Tem.</span> <span class='ocrx_word' id='word_1_390' title='bbox 1435 4860 1462 4907; x_wconf 88' lang='lat' dir='ltr'>r.</span> 
     </span>
     <span class='ocr_line' id='line_1_45' title="bbox 720 4916 1547 5020; baseline 0.029 -42"><span class='ocrx_word' id='word_1_391' title='bbox 720 4917 736 4997; x_wconf 93' lang='lat'>)</span> <span class='ocrx_word' id='word_1_392' title='bbox 755 4917 826 4987; x_wconf 72' lang='lat' dir='ltr'>Abba</span> <span class='ocrx_word' id='word_1_393' title='bbox 844 4916 998 4984; x_wconf 76' lang='lat' dir='ltr'>Scelerati:</span> <span class='ocrx_word' id='word_1_394' title='bbox 1017 4921 1116 5000; x_wconf 74' lang='lat' dir='ltr'>Regia</span> <span class='ocrx_word' id='word_1_395' title='bbox 1134 4919 1245 5020; x_wconf 66' lang='lat' dir='ltr'>§clean</span> <span class='ocrx_word' id='word_1_396' title='bbox 1264 4920 1361 4989; x_wconf 78' lang='lat' dir='ltr'>Sutlc.</span> <span class='ocrx_word' id='word_1_397' title='bbox 1382 4923 1435 4991; x_wconf 70' lang='lat' dir='ltr'>Aa·</span> <span class='ocrx_word' id='word_1_398' title='bbox 1456 4937 1547 5010; x_wconf 69' lang='lat'>11450&#39;</span> 
     </span>
    </p>
   </div>
   <div class='ocr_carea' id='block_1_8' title="bbox 0 0 2517 6756">
    <p class='ocr_par' dir='ltr' id='par_1_13' title="bbox 0 0 2517 6756">
     <span class='ocr_line' id='line_1_46' title="bbox 0 0 2517 6756; baseline 0 0"><span class='ocrx_word' id='word_1_399' title='bbox 0 0 2517 6756; x_wconf 95' lang='lat' dir='ltr'> </span> 
     </span>
    </p>
   </div>
  </div>
 </body>
</html>
