4992 6767
866 676 1026 794 DE·
1159 678 1278 766 I'·G
1331 679 1381 768 N
1437 681 1491 768 Es
1862 689 1977 810 s61qu

463 876 496 980 ς.
521 870 763 952 MDXXVlll.
789 870 925 966 Corpus
947 870 1213 966 quodcunquee
1243 896 1348 972 regno
1375 874 1469 949 follrli
1499 876 1670 971 hucusque
1697 882 1838 952 examini
1871 885 1944 961 iub·

410 980 527 1074 jedttmr
556 977 811 1047 adeterminata
832 973 916 1067 ignis
952 973 1047 1062 copia
1078 973 1229 1044 intumuit
1262 974 1506 1067 aliquemque,
1546 976 1608 1049 five
1633 980 1668 1049 in
1691 978 1941 1062 determinatum
2067 1001 2069 1006 ·

413 1077 572 1150 volumen.
624 1069 812 1168 Quodlibet
829 1067 995 1141 metallum
1014 1070 1055 1138 ab
1069 1091 1134 1141 una
1153 1067 1288 1142 flamma
1306 1074 1341 1143 in
1358 1094 1550 1164 pyrometro
1575 1073 1762 1146 rarefactum
1779 1076 1821 1147 ad
1838 1101 1942 1170 quen·

322 1253 325 1264 ¹
410 1173 481 1246 danr
507 1173 645 1268 gmdum
668 1168 750 1255 fuit3
777 1171 811 1240 in
833 1189 902 1258 quo
924 1165 1077 1252 subilitit,
1101 1166 1179 1239 licet
1196 1167 1339 1266 longiori
1363 1190 1512 1263 tempore
1536 1170 1679 1244 flammae
1700 1194 1939 1264 exponeretur:

407 1266 593 1366 Quodlibet
617 1268 637 1340 d
658 1290 692 1340 re
739 1288 762 1338 0
784 1263 880 1336 sollrli
903 1285 1024 1356 corpus
1046 1264 1229 1338 violentiori
1256 1267 1355 1364 igni,
1393 1268 1456 1340 live
1479 1269 1626 1362 pluribus
1649 1269 1787 1358 flammis
1810 1273 1939 1367 expoli-

405 1386 498 1451 tum,
523 1368 597 1460 plus
619 1387 688 1439 rare
712 1384 746 1452 t,
771 1383 913 1435 attamen
941 1362 959 1432 i
990 1381 1061 1434 rato
1083 1360 1292 1438 flammarum
1316 1386 1454 1438 numero
1478 1368 1521 1439 ad
1545 1367 1709 1461 quendam
1732 1369 1936 1444 constantem

404 1470 593 1537 terminum.

454 1591 486 1690 5.
512 1589 724 1665 MDXXlX.
758 1588 793 1660 Si
822 1607 1001 1660 memomta
1027 1606 1169 1679 corpora
1192 1583 1311 1683 frigida
1340 1589 1409 1684 igni
1441 1611 1676 1683 exponnnmr‚
1709 1595 1742 1664 in
1774 1599 1939 1690 principio

405 1692 494 1763 lente
518 1711 710 1775 rarescunt,
741 1708 821 1758 mox
843 1686 1010 1771 celerius,
1044 1701 1114 1757 tum
1136 1680 1325 1770 celerrime,
1350 1707 1430 1756 mox
1454 1691 1572 1761 iterum
1597 1690 1736 1775 lentius,
1761 1686 1938 1765 &deinde

404 1788 532 1880 semper
552 1811 594 1860 eo
622 1789 760 1877 lentius,
785 1805 855 1875 quo
874 1786 1010 1876 propius
1037 1780 1079 1851 ad
1102 1780 1258 1854 summam
1286 1783 1538 1875 expanfionem,
1563 1809 1628 1880 qua
1652 1789 1695 1860 ab
1717 1787 1837 1860 eodem
1859 1793 1937 1888 igne

403 1887 543 1958 rarefieri
567 1884 726 1977 poliunt,
750 1885 967 1974 pervenerint.

453 1984 661 2080 Frigidorum
689 1984 777 2053 enirn
804 1978 956 2076 angustos
979 2000 1081 2073 poros
1104 1979 1266 2052 difficilius
1294 1977 1475 2075 ingreditur
1497 1982 1614 2076 ignis,
1646 2003 1743 2071 quarn
1766 1982 1934 2076 aliquous·

402 2103 469 2172 que
492 2081 693 2172 ampliatos,
726 2100 762 2149 ut
795 2099 932 2170 quoque
960 2078 1125 2172 speculum
1154 2078 1312 2151 ustorium
1337 2075 1500 2164 ollendit,
1526 2078 1618 2170 quod
1642 2076 1796 2176 frigidum
1822 2081 1933 2171 plures
2038 2085 2040 2090 ’

400 2178 534 2270 replicat
556 2179 638 2248 lucis
666 2176 795 2264 radios,
823 2170 1100 2249 &vehementius
1121 2179 1207 2264 urit,
1231 2195 1333 2266 quam
1357 2173 1520 2265 calidum,
1546 2174 1621 2247 luce
1643 2177 1821 2269 copiofiori
1844 2198 1934 2249 mea·

399 2293 450 2346 tus
474 2275 648 2366 ampliores
670 2290 870 2364 permeante.

406 2435 411 2440 .
448 2373 624 2463 Postquam
647 2392 725 2442 vero
749 2370 951 2458 aliquantum
975 2390 1084 2460 partes
1108 2391 1128 2438 a
1153 2369 1300 2459 partibus
1330 2366 1548 2450 recellerunt,
1582 2363 1618 2439 δι
1654 2370 1825 2441 intersim
1850 2372 1935 2465 ignis

397 2471 607 2552 dilatantem,
640 2468 846 2557 partiumque
873 2468 1021 2537 renixum
1050 2466 1269 2559 aequilibrium
1294 2467 1412 2549 venit,
1442 2465 1563 2559 perstat
1593 2463 1710 2535 eadem
1742 2464 1934 2553 rarefndiio,

398 2590 473 2658 quae
492 2570 673 2636 increscere
697 2564 833 2652 nequit,
857 2565 933 2650 quia
955 2567 1097 2654 partium
1115 2567 1246 2636 renisus
1277 2561 1426 2635 adversus
1454 2565 1616 2664 majorem
1644 2561 1803 2635 recellum
1827 2567 1934 2636 inten-

399 2665 517 2743 ditur,
550 2658 585 2729 δι
619 2658 674 2726 hic
706 2678 727 2725 a
758 2656 993 2727 vehementiori
1019 2663 1099 2752 igne
1121 2680 1246 2727 tantum
1265 2663 1397 2728 excitari
1425 2661 1557 2749 potest:
1593 2657 1794 2755 Quanquam
1824 2682 1934 2731 autem

404 2760 566 2830 continuo
590 2754 674 2849 ignis
699 2752 901 2847 ingreditur,
926 2753 1022 2824 etiam
1047 2755 1208 2824 continuo
1228 2756 1314 2850 ignis
1335 2753 1464 2838 evolat,
1487 2758 1606 2844 partim
1627 2777 1670 2826 ex
1692 2759 1783 2846 poris
1802 2760 1937 2846 amplia·

398 2857 458 2936 tis,
484 2854 599 2941 partim
625 2868 668 2917 ex
696 2846 879 2930 lateribus,
911 2870 985 2937 quae
1015 2853 1086 2960 igni
1114 2871 1183 2920 non
1207 2867 1447 2940 opponuntur:
1482 2850 1506 2919 li
1540 2869 1666 2921 tanturn
1692 2853 1776 2945 ignis
1800 2854 1936 2934 evolet,

398 2967 558 3041 quantum
583 2944 713 3036 irrepit,
739 2944 856 3014 iterum
875 2943 937 3013 erit
959 2943 1177 3035 aequrlibrium
1197 2946 1285 3016 inter
1306 2944 1390 3016 vires
1410 2945 1638 3016 rarefacientes
1659 2941 1694 3016 &
1717 2948 1860 3038 partium
1887 2966 1938 3018 re·-

397 3067 524 3121 nixum.

444 3177 477 3276 ᾗ.
502 3168 699 3246 ΜῦΧΧΧ.
726 3168 818 3240 idem
845 3167 932 3262 ignis
955 3167 1040 3237 varia
1066 3185 1207 3259 corpora
1230 3167 1324 3239 lirma
1352 3164 1539 3266 ingressus,
1582 3190 1621 3240 ea
1652 3192 1719 3242 non
1746 3172 1780 3241 in
1810 3175 1937 3244 ratione

396 3273 580 3370 ponderum
603 3289 659 3340 aot
689 3266 898 3348 firmitatum,
922 3282 977 3333 aut
997 3262 1126 3334 duritiei
1149 3263 1272 3335 inversa
1293 3262 1463 3351 rarefncit,
1488 3285 1599 3355 neque
1618 3268 1652 3337 in
1677 3270 1806 3339 ratione
1825 3289 1866 3340 err
1881 3271 1933 3341 bi·

397 3376 449 3446 nis
470 3369 633 3463 prioribus
660 3362 865 3456 compolita,
891 3359 946 3428 sed
969 3359 1093 3450 absque
1116 3361 1235 3456 regulis
1264 3360 1330 3432 hut
1353 3380 1458 3453 usque
1490 3360 1654 3446 detectis,
1686 3362 1787 3434 veluti
1809 3367 1852 3438 ab
1876 3387 1936 3438 ex·

397 3470 559 3563 perientia
582 3464 764 3535 didicimus.
814 3456 904 3528 Nam
931 3457 1070 3526 vidimus
1096 3456 1255 3541 Metalla,
1279 3480 1354 3548 quae
1378 3460 1398 3527 d
1425 3458 1523 3527 nobis
1551 3460 1585 3528 in
1609 3457 1702 3532 usum
1722 3481 1839 3534 vocata
1860 3463 1934 3534 fue·

396 3588 496 3649 runt,
522 3568 556 3633 in
578 3563 715 3648 antiquo
739 3572 929 3647 pyrometro
953 3554 994 3621 ab
1017 3551 1138 3622 eodem
1160 3556 1236 3647 igne
1254 3551 1348 3624 fuille
1369 3552 1522 3625 rarefacta
1547 3554 1613 3624 hoc
1637 3561 1752 3647 pallo:
1777 3559 1845 3630 AEs
1866 3559 1930 3631 ful·

396 3685 475 3736 vurn
500 3659 631 3753 vulgate
666 3656 723 3743 89.
756 3673 805 3744 gr.
842 3646 1053 3717 Orichalcum
1090 3667 1167 3718 110.
1199 3647 1337 3718 Ferrum
1371 3649 1429 3719 80.
1461 3648 1637 3721 Plumbum
1666 3672 1746 3744 155.
1771 3655 1930 3728 Stannum

397 3757 581 3853 Anglicum
613 3770 691 3843 153.
716 3753 899 3842 Argentum
925 3744 983 3835 78.
1030 3742 1155 3815 Ellicot
1174 3743 1228 3814 sua
1250 3744 1399 3816 machina
1431 3746 1474 3814 ab
1504 3745 1623 3817 eodem
1650 3750 1760 3820 calore
1792 3751 1929 3823 nareiac-

396 3862 503 3931 tiones
527 3852 695 3940 sequentes
719 3846 840 3914 invenit
856 3841 943 3934 (a).
992 3842 1119 3910 Aumm
1144 3859 1204 3933 73.
1227 3841 1411 3937 Argentum
1442 3862 1522 3933 103.
1549 3841 1759 3918 Orichalcum
1774 3867 1835 3941 95.
1859 3848 1928 3923 AEs

397 3958 456 4046 89.
482 3950 618 4020 Ferrum
642 3944 700 4014 60.
727 3938 872 4028 Chalybs
899 3937 958 4030 56.
991 3936 1166 4009 Plumbum
1196 3959 1276 4031 149.
1335 3939 1541 4036 Bouguerius
1563 3940 1619 4012 suo
1643 3964 1834 4035 pyrometro
1867 3947 1926 4018 de·

398 4047 577 4124 terminavit
605 4038 805 4130 hexapedam
837 4058 889 4121 ex,
911 4033 1031 4132 frigore
1057 4035 1172 4130 glaciei
1201 4038 1244 4107 ad
1270 4036 1414 4108 calorem
1444 4058 1537 4126 aquae
1564 4040 1730 4113 bullientis
1759 4044 1926 4115 increville

397 4143 601 4241 longitudine
624 4142 654 4209 in
679 4135 859 4207 centefimis
881 4136 1025 4221 partibus
1047 4132 1141 4202 lineae
1157 4131 1304 4222 pollicis:
1329 4132 1449 4205 ferrum
1475 4154 1536 4225 47.
1562 4137 1743 4230 Argentum
1771 4141 1828 4210 81.
1853 4145 1925 4211 Au·

398 4266 469 4317 runs
495 4242 553 4331 63.
579 4236 758 4318 Plumbum
780 4252 841 4323 94.
867 4227 902 4300 ἃ
926 4230 1029 4319 polita
1055 4229 1260 4322 longitudine
1291 4232 1467 4323 hexapedae
1494 4251 1626 4322 33000.
1657 4238 1795 4325 partium
1825 4235 1926 4307 ellent

399 4341 600 4414 dilatationes
626 4337 659 4404 in
679 4334 740 4403 hnc
763 4329 978 4422 proportione
1002 4347 1064 4418 pro
1084 4326 1189 4398 Ferro
1212 4327 1266 4397 18.
1292 4349 1354 4419 pro
1381 4329 1531 4424 Argento
1558 4353 1617 4420 24.
1649 4351 1712 4422 pro
1744 4333 1838 4403 Auro
1867 4317 1925 4424 312

400 4461 462 4533 pro
483 4435 624 4508 Plumbo
653 4432 709 4524 36.
735 4427 866 4502 Vitrum
886 4425 1114 4497 extenderetur
1136 4423 1283 4516 respectu
1305 4427 1429 4520 argenti
1449 4429 1495 4496 uti
1522 4452 1556 4519 4.
1581 4428 1622 4499 ad
1653 4450 1707 4499 11.
1735 4428 1835 4504 Radii
1863 4432 1926 4503 So·

413 4590 421 4606 .
458 4591 465 4604 .
1297 4538 1339 4595 4⁰
1368 4575 1375 4589 .
1724 4536 1761 4591 da
1801 4581 1808 4596 ,
1892 4581 1899 4597 ,

400 4587 440 4661 lrs
457 4610 491 4657 rn
512 4584 597 4654 Peru
614 4578 829 4652 extenderunt
845 4574 1034 4664 chalybeum
1050 4572 1252 4666 hexapedam
1277 4602 1337 4686 {0}
1355 4573 1462 4647 lrneae.
1480 4574 1678 4671 Argenteum
1705 4608 1763 4690 ἰῶ
1786 4578 1843 4651 lrn.
1859 4578 1925 4653 rlro

401 4750 553 4824 tempore
569 4726 769 4848 §mirtheum
789 4722 991 4816 hexapedam
1015 4688 1057 4837 ξ
1081 4722 1138 4796 lin.
1160 4721 1384 4797 Pavimentum
1407 4725 1580 4799 lateritium
1599 4727 1633 4797 in
1648 4724 1851 4825 longitudine
1869 4749 1925 4800 12.

1867 4891 1927 4964 pe-

473 4989 1346 5158 (⁶)Ph110s⁰ph0T1⁸1²¹²ssVffldbl’flelquii¹
1472 5069 1478 5078 ,
1621 5065 1631 5081 ,
