4992 6767
539 690 630 786 bna·
860 658 1727 780 omoeusion.

564 871 648 962 siren
672 887 813 1036 qrssaruor
832 864 964 942 laminas
985 859 1150 940 coenrleas
1169 856 1298 952 objesla
1316 875 1498 950 purpurea,
1520 854 1629 930 minus
1650 849 1766 926 florida
1786 852 1959 947 videntur,
1983 859 2067 938 Sole

539 970 644 1044 adhuc
666 988 704 1036 ca
729 966 818 1036 dido.
1190 1021 1193 1031 .

598 1067 663 1140 Per·
683 1067 828 1156 quinque
850 1061 983 1132 laminas
1007 1060 1080 1134 uitri
1103 1054 1238 1132 coerulei
1258 1052 1389 1147 objecit
1407 1048 1575 1144 pressioris.
1590 1051 1768 1143 purpurisst
1786 1054 1935 1130 videntur
1958 1108 1976 1145 „
2003 1055 2067 1138 Sol

539 1166 667 1238 candet.
2014 1159 2017 1164 ’

560 1341 565 1348 ,
589 1261 655 1348 Per
677 1260 729 1330 sex
753 1257 885 1330 laminas
908 1253 1029 1342 incepit
1052 1248 1101 1320 sol
1120 1246 1220 1320 videri
1235 1246 1391 1338 purpurei
1414 1242 1556 1330 coloris,
1578 1244 1710 1340 objetta
1733 1249 1931 1332 obscuriora.
1979 1247 2063 1326 Pur-

538 1357 676 1450 pusiilus
699 1355 785 1425 Solis
809 1352 967 1422 continuo
991 1343 1123 1438 preffior
1145 1343 1264 1430 evasit,
1287 1345 1383 1415 aurio
1408 1340 1607 1420 lamellarum
1626 1368 1765 1420 numero
1786 1345 1829 1428 ad
1858 1368 1922 1422 ro..
1937 1350 2071 1444 reliqum

540 1452 674 1545 offic&
697 1456 750 1530 vix
771 1450 971 1529 videbantur.
1488 1507 1492 1516 ,
2067 1447 2070 1452 “

588 1550 652 1622 Per
675 1548 825 1618 undecim
846 1543 980 1615 laminas
1002 1542 1056 1613 vix
1080 1539 1205 1632 aliquio,
1222 1536 1265 1610 dc
1291 1535 1370 1608 Sole
1392 1534 1558 1612 videbam.
1752 1607 1762 1618 ,

556 1645 651 1718 .Per
672 1644 848 1718 duodecim
873 1637 1018 1718 lamellas
1039 1638 1196 1716 coeruleas
1217 1632 1307 1714 nulla
1326 1631 1404 1708 Lux
1427 1631 1512 1706 Solia
1534 1638 1673 1724 meavit,
1697 1658 1760 1710 nec
1785 1636 1974 1736 eliquirlbe
1987 1640 2063 1716 reli-

539 1747 618 1832 quia
640 1739 776 1833 objeciis
797 1738 989 1827 comparuit

587 1838 667 1910 ideo
692 1838 799 1906 omnis
817 1834 874 1906 lux
896 1834 1024 1904 adernta
1051 1854 1070 1903 a
1092 1830 1219 1904 laminis
1251 1849 1305 1924 ις.
1331 1830 1508 1915 coentleis,
1533 1851 1606 1921 quae
1624 1828 1700 1904 sunt
1718 1831 1973 1910 cutinei-umus
1987 1833 2064 1926 pol·

536 1935 618 2025 liris.
670 1933 764 2029 Ergo
788 1952 829 2002 ex
852 1930 941 2006 radio
965 1930 1051 2002 Solis
1073 1931 1214 2002 candido
1235 1931 1271 2002 in
1295 1926 1425 2021 objecit
1446 1925 1580 2018 illapso,
1616 1931 1822 2008 secernuntur
1843 1931 2064 2010 omuesradii

536 2033 705 2123 colorari,
738 2027 773 2100 ἃ
800 2029 996 2113 redduntur,
1020 2028 1262 2118 penetrantibus
1286 2045 1409 2097 tuntum
1434 2024 1537 2100 radiis.
1554 2023 1732 2112 ctaruleit,
1764 2047 1909 2116 quorum.
1925 2027 2022 2100 multi
2042 2049 2069 2104 a

535 2131 682 2221 qualibet
701 2126 829 2204 lamella
853 2124 1012 2197 stiluntur.

582 2228 634 2296 60.
659 2225 693 2296 Si
717 2223 860 2312 prismati
883 2241 966 2289 cavo
985 2220 1094 2307 liquor
1116 2216 1238 2289 coloris
1259 2217 1347 2288 rubri
1368 2214 1408 2287 fit
1428 2212 1575 2299 inlusus,
1593 2210 1627 2286 ἃ
1642 2216 1735 2294 alteri,
1750 2237 1839 2294 cauo.
1857 2215 1969 2306 liquor
1995 2241 2060 2290 co·

532 2322 611 2490 lkolris
633 2319 795 2404 comici,
827 2316 926 2386 ambo
946 2313 1037 2407 juxta
1062 2311 1220 2406 seposta
1244 2313 1324 2384 nihil
1349 2311 1432 2386 lucis
1460 2313 1696 2399 transmittunt,
1718 2313 1861 2390 tredente
1884 2313 2067 2406 quondam

573 2419 685 2488 ookio.

550 2559 555 2602 2
582 2534 634 2607 7⁰.
660 2513 807 2587 Obscura
831 2510 902 2582 sunt
924 2528 1064 2599 corpora
1082 2505 1225 2599 majora,
1247 2529 1389 2598 quorum
1416 2525 1523 2599 penes
1538 2504 1910 2596 amplotintercipiunt,
1933 2505 1987 2578 sed
2005 2511 2055 2582 in-

532 2613 700 2683 ordinatos
723 2630 868 2690 meatus,
894 2603 1068 2696 &procul
1098 2602 1233 2689 distant,
1259 2608 1302 2676 ita
1327 2626 1363 2677 ut
1384 2606 1450 2677 vim
1476 2601 1654 2676 attrahendi
1677 2621 1898 2687 aut-omucm,
1921 2603 2063 2676 autfere

531 2730 674 2780 omnem·
692 2711 786 2780 variis
810 2705 893 2777 locis
916 2707 950 2773 in
970 2701 1076 2772 lucem
1102 2722 1301 2787 exerceant,
1325 2724 1390 2794 qua
1415 2700 1472 2783 fit,
1497 2719 1536 2769 ut
1555 2698 1613 2770 lux
1637 2701 1798 2776 continuo
1820 2705 1855 2772 iu
1876 2699 1971 2774 lineis
1989 2697 2065 2771 sero

530 2806 637 2887 cursis
658 2804 700 2875 ad
724 2800 862 2897 lingulas
886 2799 1059 2891 particulas
1083 2796 1267 2888 deseratur,
1292 2799 1493 2889 inaequaliter
1514 2797 1557 2868 ab
1585 2799 1628 2866 iis
1660 2794 1867 2882 reflectatur,
1891 2817 1991 2890 atque
2014 2797 2071 2878 ira,

529 2900 616 2991 quan
639 2902 818 2992 intercepta
837 2896 966 2967 transire
987 2895 1200 2985 impediatur,
1225 2916 1280 2965 aut
1302 2896 1472 2985 postquam
1493 2892 1561 2962 fere
1582 2894 1757 2978 transierit,
1781 2915 1876 2966 motu
1891 2893 2059 2968 inordiuar

529 3016 564 3067 to
591 2997 794 3091 egrediatur,
821 3012 948 3065 utnon
970 2992 1108 3081 amplius
1131 2991 1230 3060 videri
1246 2990 1357 3082 possit:
1382 2992 1459 3062 ideo
1482 2988 1642 3061 flocculus
1655 2992 1757 3084 niuis,
1783 2988 2062 3084 utcunquespou·

527 3093 626 3187 giosae
653 3092 847 3178 inanitatis,
878 3087 925 3157 cll
947 3107 1072 3175 opacus
1095 3082 1131 3156 &
1153 3085 1264 3156 albet:
1296 3089 1387 3159 omni
1409 3085 1516 3176 illapsa
1538 3085 1611 3157 luce
1634 3092 1750 3158 iterum
1771 3087 1909 3162 redata
1959 3088 2063 3181 Aqua

526 3191 675 3260 maximis
698 3190 815 3282 agitata
830 3183 980 3253 fluetibus
997 3179 1189 3271 spumestit,
1213 3178 1250 3253 &
1271 3182 1367 3254 instar
1386 3182 1495 3255 Latiis
1518 3181 1684 3256 albescens
1709 3205 1781 3258 non
1802 3184 1961 3277 pellucet.

573 3312 673 3384 Rodii
697 3314 792 3399 ΑΒ,
817 3308 914 3394 DE,
940 3306 1036 3394 GH,
1062 3308 1163 3401 illrpfi
1178 3312 1214 3382 in
1235 3311 1402 3403 puluerem
1422 3310 1640 3385 inflesluntur
1663 3314 1830 3385 auraffla
1855 3313 1902 3402 Β,
1926 3313 1980 3401 E,
1998 3312 2057 3403 ll,
2083 3343 2088 3351 ·

413 3420 479 3475 ru.
527 3410 729 3501 redeuntque
753 3414 804 3481 via
828 3407 920 3496 BC,
951 3407 1042 3495 EF,
1068 3405 1137 3480 lll.
1184 3408 1321 3500 Corpus
1343 3413 1443 3507 igitur
1458 3409 1629 3481 obscurum
1652 3409 1703 3481 vel
1727 3431 1874 3501 opacant
1890 3409 2063 3484 nuel>

380 3488 505 3615 ἓξὲξ,
526 3507 592 3579 hoo
617 3507 720 3623 modo
735 3506 786 3579 est·
798 3505 1019 3621 constitutum.
1071 3504 1108 3576 ln
1137 3506 1339 3598 superficiem
1361 3508 1433 3579 AB
1455 3507 1575 3578 incidat
1589 3506 1699 3578 radius
1721 3507 1804 3578 lucis
1828 3507 1864 3579 G
1879 3504 1934 3594 ll,
1959 3508 2062 3602 nujus

377 3767 381 3774 .
523 3626 599 3776 sil
623 3604 845 3794 ‘libuit
860 3603 1139 3790 sllilffifll'
1153 3604 2062 3795 ,sbaemltnlttffiniiin‘ibs

526 3796 546 3868 s
650 3820 704 3869 tur
726 3795 762 3868 δι
785 3817 879 3870 motu
898 3797 1010 3867 amilio
1031 3797 1196 3869 nonnullis
1210 3798 1372 3892 particulis
1387 3799 1594 3882 adhaerescit3
1611 3796 1964 3888 persab-omnivlatore
1973 3804 2060 3886 exit,

525 3895 580 4008 sed
599 3895 684 4005 adeo
698 3892 887 3964 inordinato
911 3912 1006 4005 motu
1026 3889 1061 3963 ἃ
1081 3913 1178 3984 parvo
1201 3895 1323 3985 copis,
1349 3915 1385 3967 ut
1409 3896 1509 3967 oculo
1531 3897 1633 3967 videti
1646 3914 1809 3986 nequeat:
1830 3916 1955 3988 purtem
1971 3897 2056 3972 lucls

524 3989 649 4087 rngrcdt
675 4010 795 4082 corpus
817 4008 927 4081 patet,
952 4011 1026 4078 quta
1048 3990 1216 4080 particule
1240 4010 1359 4062 tenues
1374 4014 1494 4082 corpus
1519 4010 1759 4082 componentes
1776 3992 1848 4064 sunt
1863 3991 2059 4084 pellucidoee

526 4083 561 4158 br
591 4106 698 4159 totum
727 4108 849 4180 eorpus
871 4085 1075 4177 aliquantum
1094 4086 1281 4173 incalescit,
1324 4084 1360 4158 ἀ
1380 4092 1414 4159 in
1439 4089 1593 4180 majorem
1618 4089 1872 4182 magnitudinem
1894 4088 2054 4176 rereiitit,

524 4184 805 4352 grangiobremfiad
826 4187 1022 4296 opacitatem
1038 4183 1188 4277 quadem
1202 4183 1385 4278 amplitudo
1398 4205 1578 4292 porortrm,
1604 4182 1639 4256 bt
1654 4188 1797 4277 part-ium
1817 4205 2057 4279 corporearum

522 4303 597 4354 uror
631 4301 723 4354 mtus
771 4302 822 4354 tus
841 4300 1019 4353 concurrit.

571 4419 605 4510 ς.
630 4419 999 4496 lli-DCCCCLXXll.
1019 4421 1167 4496 Simolnc
1185 4424 1285 4519 igitur
1305 4428 1572 4517 corporumpori
1590 4421 1699 4496 medio
1710 4420 1840 4514 aliquo,
1868 4422 1977 4496 lucem
1990 4442 2057 4516 pa-

446 4555 453 4568 ·
523 4514 551 4585 ri
575 4520 607 4585 vi
631 4540 669 4588 ac
691 4539 798 4610 partes
821 4518 929 4590 solidae
954 4519 1125 4608 trahente,
1149 4520 1348 4613 implentur,
1376 4544 1443 4593 non
1460 4523 1604 4610 amplius
1623 4523 1679 4594 lux
1701 4539 1793 4591 motu
1816 4520 1900 4592 adeo
1923 4519 2050 4598 nortis

409 4621 473 4676 ru.
525 4628 624 4695 nato,
649 4615 805 4687 iisdemoe
826 4619 930 4688 curvis
953 4615 1093 4703 feretur,
1119 4616 1172 4687 sed
1196 4618 1452 4712 conspirantibus
1477 4622 1596 4690 viribus
1611 4616 1810 4689 trahentibus
1833 4639 1907 4689 cum
1923 4615 2056 4708 medii,

380 4688 481 4812 rsssslss
524 4725 592 4777 tum
613 4710 750 4798 partium
771 4713 918 4803 corporis
943 4713 998 4783 lux
1022 4717 1053 4784 in
1079 4714 1291 4794 testudineis
1321 4736 1509 4806 procurrere
1535 4715 1660 4806 potest,
1685 4735 1921 4806 corpustotum
1938 4711 2052 4786 tranfi-

526 4823 613 4889 tura,
639 4807 685 4875 uti
707 4809 739 4877 in
758 4809 852 4882 radiis
877 4808 1100 4896 KLMNP,
1126 4811 1259 4909 QRS,
1283 4813 1373 4898 XV,
1393 4837 1500 4906 μα,
1524 4813 1624 4888 videti
1643 4810 1759 4905 potest.
1810 4812 1858 4886 lta
1872 4807 2062 4905 porosutae

522 4920 680 4991 quantum
706 4904 895 5005 implendo,
913 4927 1043 5000 corpus
1066 4930 1112 4982 ex
1129 4930 1244 5004 opaco,
1259 4908 1316 4982 fier
1329 4908 1541 5002 pellucidum.
1674 4947 1681 4958 ι
1960 4995 1998 5092 Q

544 5065 559 5082 .
1997 5019 2059 5072 11⁰»
