4992 6767
787 695 846 821 n
923 689 970 818 'n
1056 689 1257 820 *sl-o
1338 690 1389 825 nl
1470 733 1525 825 o.
1839 695 1926 855 ‘905
2046 770 2056 788 ·

416 927 480 1040 ¹5·
496 913 759 1024 MMCXCVL
782 911 859 1002 Νέῧ
882 941 1007 1000 'tuntum
1031 927 1064 999 ln
1083 923 1225 1016 fidibus,
1249 921 1468 1022 ῥὴὸῐὰῑς’ᾱ
1493 934 1596 1010 nervis
1612 921 1705 1020 ,used
1726 935 1760 1008 in
1786 913 1921 1028 quibus·

398 1053 530 1132 cunque
543 1029 738 1124 corporibus
751 1025 937 1100 sonantibus
953 1027 986 1095 id
1004 1025 1147 1098 obtinet:
1173 1041 1246 1130 narn
1269 1032 1467 1123 percutiatur
1482 1053 1659 1126 campana,
1685 1030 1797 1106 sonum
1823 1034 1918 1106 eden

397 1137 648 1229 exspectemus,
679 1125 786 1198 donec
815 1143 883 1196 non
907 1122 1047 1215 amplius
1068 1123 1213 1200 audiatur
1238 1127 1362 1221 sonus,
1397 1130 1613 1202 oscillationes
1638 1151 1744 1202 tamen
1770 1129 1920 1202 nondum

395 1235 564 1311 defissesstss
590 1250 664 1301 nam
686 1222 852 1296 lcsstlffime
875 1243 941 1316 ope
962 1219 1109 1294 cochleae
1131 1223 1341 1298 admoveatur
1367 1226 1452 1298 stilus
1476 1227 1627 1310 ferreus,
1652 1230 1685 1299 in
1710 1249 1808 1319 quem
1832 1249 1923 1299 cam.

397 1355 481 1431 pana
503 1325 666 1420 superstite
686 1319 1083 1420 osculationeincurrat,
1116 1322 1233 1394 iterum
1261 1324 1374 1396 edetur
1403 1323 1527 1412 sonus,
1558 1327 1702 1415 partibus
1733 1326 1857 1398 atcania
1887 1327 1925 1400 in

397 1450 504 1507 novos
527 1439 682 1498 tremores
704 1421 856 1518 agitatis.¹
913 1421 915 1428 '
1084 1425 1088 1434 ·
1665 1429 1669 1438 .

455 1557 488 1655 h.
518 1550 784 1639 Mnicxcvn.
819 1551 854 1621 Si
868 1555 913 1622 ia
940 1527 1135 1640 campanam
1156 1553 1197 1622 ab
1222 1511 1314 1626 omni
1328 1519 1432 1643 ,parte
1450 1511 1507 1624 nix
1531 1552 1705 1637 ceciderit,
1730 1550 1850 1642 pulsata
1871 1519 1927 1624 uix

401 1658 553 1739 sonabit,
586 1674 664 1731 nnn¹
677 1652 753 1742 quie
778 1646 996 1726 oscillatioues
1017 1646 1163 1731 del'uht,
1198 1648 1252 1718 sed
1277 1650 1398 1721 cellant
1419 1650 1524 1722 subito
1549 1647 1695 1722 suffocati
1718 1669 1828 1720 motus
1852 1670 1926 1739 par·
2070 1641 2078 1658 ⁶

401 1757 482 1826 tium
509 1750 711 1836 subsultorii,
736 1751 794 1837 qui
815 1768 834 1816 a
856 1742 962 1816 mallei
986 1744 1103 1814 iuribus
1123 1748 1253 1815 excitati
1277 1767 1380 1816 emnt.

459 1877 491 1975 h.
525 1873 811 1949 Mnncxcvrli.
845 1873 878 1943 Si
903 1871 1035 1959 forcipis
1059 1870 1129 1939 AB
1162 1874 1251 1961 prius
1277 1871 1405 1941 adducti
1428 1871 1489 1940 snrt
1512 1871 1642 1961 pedes,
1676 1872 1794 1943 deinde
1817 1870 1926 1941 lairen·
1965 1869 2027 1923 Ν»

397 1998 485 2059 tur,
514 1976 700 2046 elasticirate
724 1977 757 2043 in
781 1970 995 2044 oscillationes
1020 1969 1252 2062 agitabuntur,
1285 1968 1338 2036 sod
1372 1990 1440 2038 non
1466 1967 1652 2051 l'onabunt3
1686 1986 1755 2036 tum
1781 1989 1839 2058 pes
1871 1944 1988 2064 Aona}
2003 1967 2041 2049 i,

403 2074 455 2144 vel
485 2074 518 2144 ·B
546 2071 741 2144 extrinsecus
776 2074 808 2142 in
836 2065 970 2157 aliquod
984 2085 1116 2153 ,corpus
1141 2066 1257 2135 durum
1284 2066 1453 2145 incurrat,
1486 2064 1579 2154 quod
1604 2062 1778 2133 resistendo
1803 2062 1928 2137 oscilln⁴
2038 2070 2040 2074 ’

404 2174 507 2242 tiones
533 2172 645 2260 potius
667 2169 803 2250 minuit,
830 2185 931 2255 quern
954 2161 1113 2244 intendit,
1139 2162 1228 2229 illico
1247 2161 1393 2229 audietur
1418 2159 1523 2228 sonus.

449 2289 480 2391 §.
505 2290 760 2363 MMCXCIX.
787 2293 820 2356 Si
843 2308 982 2361 nervus,
1007 2283 1148 2357 chorda,
1173 2281 1225 2349 vel
1249 2280 1329 2348 fides
1355 2301 1469 2371 parum
1487 2282 1679 2362 tendantur,
1705 2279 1930 2354 &vehemen-

403 2410 452 2461 ter
476 2391 719 2478 percutiantur,
748 2403 893 2471 parvus,
914 2376 965 2445 vel
987 2373 1094 2444 nullus
1115 2372 1263 2446 elicietur
1286 2375 1570 2467 sonus,‘quamvis
1594 2380 1627 2446 in
1652 2396 1784 2473 magnas
1808 2377 1934 2448 oscilla·

405 2492 512 2652 ffileSs
535 2481 702 2552 exierint:
738 2477 793 2548 sed
813 2526 825 2563 ,
847 2477 871 2547 fi
894 2471 987 2546 ualde
1013 2471 1210 2561 tendantur,
1240 2494 1259 2543 a
1282 2473 1388 2564 parvo'
1410 2472 1558 2566 perculsu
1579 2473 1665 2545 clare
1690 2473 1869 2547 audiendus
1894 2474 1933 2546 fit

457 2698 527 2796 Qui
550 2697 697 2792 pluribus
720 2698 806 2769 hanc
830 2697 1021 2769 sententiam
1044 2698 1240 2792 argumentis
1266 2697 1456 2768 adstrudiam
1479 2698 1661 2784 defiderat,
1685 2697 1832 2774 consulut
1855 2696 1937 2786 Per·¹

409 2799 547 2872 multum
572 2798 674 2890 (a),
698 2796 853 2868 Carreum
877 2794 978 2889 (b),
1002 2794 1046 2864 de
1069 2795 1099 2863 la
1122 2792 1251 2864 Hirium
1278 2793 1298 2887 (
1332 2794 1366 2887 ).

455 2924 487 3020 ς.
514 2921 679 2991 MMCC.
705 2919 873 3015 Quoniam
898 2923 997 3016 igitur
1016 2920 1112 2989 sonus
1138 2923 1172 2990 in
1194 2941 1287 2991 motu
1309 2921 1480 3006 tremulo,
1505 2919 1556 2990 vel
1579 2918 1769 2994 subsultorio
1794 2923 1933 3011 partium
2076 2899 2082 2912 ⁸

409 3024 442 3091 in
468 3036 609 3108 corpore
633 3014 765 3086 sonante
790 3017 913 3099 existit,
939 3034 1036 3105 atque
1051 3017 1126 3085 varii
1143 3019 1290 3086 tremoris
1303 3017 1443 3111 gradus,
1468 3017 1625 3110 majores,
1648 3017 1856 3109 minoresque
1871 3016 1938 3088 elie

408 3113 568 3209 poliunt,
602 3116 697 3183 etiam
717 3109 787 3182 soni
808 3109 970 3182 intenhtar
994 3130 1068 3178 curn
1095 3132 1113 3178 a
1135 3111 1359 3204 magnitudine
1382 3114 1561 3195 tremoris,
1594 3132 1664 3183 tum
1688 3135 1708 3184 a
1730 3114 1938 3187 multitudine

408 3215 547 3306 partium
575 3210 826 3280 tremiscentium
854 3206 1036 3300 pendebit:
1070 3202 1150 3277 ldeo
1174 3205 1215 3275 nd
1237 3204 1353 3278 sonum
1382 3206 1541 3279 intensum
1567 3206 1784 3279 suscitandum
1809 3209 1938 3280 neceile

403 3309 455 3380 est
471 3311 498 3393 ,'
517 3329 553 3377 ut
585 3328 704 3396 corpus
739 3305 894 3400 magnum
927 3301 1135 3373 vehementer
1158 3304 1385 3392 percutiatur,
1421 3301 1497 3375 &a
1521 3307 1667 3394 potentia
1693 3302 1801 3391 dura,
1840 3328 1935 3395 qum,

410 3429 489 3498 quas
501 3407 630 3500 attingit
643 3423 776 3493 partes,
801 3402 937 3470 validius
954 3418 1085 3480 monet,
1110 3421 1207 3489 quam
1224 3400 1355 3485 mollis,
1374 3403 1581 3489 cedensque:
1607 3401 1704 3485 hinc,
1721 3401 1744 3471 sr
1760 3401 1879 3473 malleo
1895 3421 1939 3473 ex

367 3545 373 3558 ·
411 3503 503 3574 molli
526 3502 618 3594 ligno
636 3507 794 3585 campana
817 3498 1033 3582 percutiamr,
1059 3493 1172 3560 obtuse
1196 3493 1345 3563 sonabit:
1371 3497 1393 3565 sr
1416 3496 1600 3579 metallico,
1625 3497 1678 3565 vel
1700 3498 1808 3570 ferreo
1833 3499 1940 3580 duna
2083 3553 2088 3560 .

413 3602 517 3677 fimo,
542 3598 627 3684 paris
652 3592 809 3680 ponderis
834 3608 910 3654 cum
934 3587 1072 3678 ligneo,
1097 3584 1246 3667 feriatur,
1272 3588 1377 3658 multo
1398 3590 1571 3672 intensius,
1598 3589 1633 3658 dt
1658 3591 1773 3661 clarius
1799 3595 1942 3665 sonabita
2021 3651 2024 3655 .

415 3697 438 3765 sr
461 3689 642 3762 calamistro
662 3687 802 3755 corvino
822 3681 904 3751 fides
928 3683 1150 3771 percutiatur,
1173 3702 1312 3776 gratus,
1341 3680 1377 3755 ἀ
1406 3683 1546 3756 intensus
1571 3689 1694 3776 orietur
1718 3687 1834 3764 sonus,
1860 3689 1882 3770 st
1906 3690 1942 3759 id

418 3787 593 3861 flexibilius
617 3803 659 3854 ex
685 3777 822 3863 ansere,
853 3778 906 3849 vel
928 3777 989 3847 alia
1015 3798 1073 3848 ave
1096 3775 1219 3878 luerit,
1251 3779 1396 3870 perculit
1418 3780 1499 3851 fides
1523 3784 1576 3854 rix
1596 3832 1619 3871 ‚„
1640 3775 1751 3854 saitem
1775 3783 1948 3873 abranus,-

418 3887 553 3959 sonabit.

465 4006 497 4106 ς.
522 3999 705 4078 MMCCI.
730 3996 902 4096 'Quoniam
927 4002 1045 4078 omnia,
1059 4021 1200 4092 corpora
1225 3993 1352 4076 clastica
1371 4003 1623 4094 concipiendis,
1650 4004 1685 4077 dc
1710 3981 1948 4080 continuandis

410 4104 609 4182 tremoribus
631 4096 904 4190 suntaptilsrma,
928 4116 1023 4166 erunt
1044 4119 1178 4187 quoque
1202 4103 1341 4170 maxime
1365 4101 1479 4170 sonora
1500 4148 1512 4179 ,
1537 4103 1696 4186 probante
1721 4103 1940 4192 experientiae

410 4207 493 4276 hinc
518 4201 598 4271 fides
620 4196 758 4270 fiuntex
772 4192 930 4282 chalybe,
955 4191 1007 4261 vel
1030 4214 1072 4262 ex
1098 4192 1288 4276 orichalco,
1309 4215 1364 4265 aut
1388 4216 1451 4264 aere
1480 4191 1571 4263 fulvo
1596 4215 1670 4264 curn
1694 4197 1830 4268 confuso
1856 4197 1940 4269 llan-

419 4295 544 4386 no,&
574 4291 756 4366 orichalco:
782 4311 950 4382 campanae
964 4297 1017 4359 ‘ex
1040 4311 1103 4361 aete
1128 4288 1238 4375 fulvo,
1266 4291 1450 4378 orichalca,
1476 4285 1510 4362 dt
1536 4289 1651 4362 stanno
1676 4294 1800 4364 mixtist
1825 4289 1940 4390 argeu-

414 4418 486 4472 tum
510 4397 667 4466 fincerum
690 4388 921 4476 molliusest,
954 4385 1008 4457 sed
1037 4384 1206 4460 confusum
1234 4407 1308 4458 cum
1341 4410 1405 4460 aere
1430 4389 1475 4460 eil
1500 4387 1604 4460 multo
1630 4392 1732 4487 magis
1758 4389 1939 4477 tinnulum,

419 4494 455 4567 dt
477 4495 582 4582 aptius
600 4491 783 4580 campanis:
812 4490 922 4572 nervi,
940 4479 981 4555 dt
1006 4482 1137 4558 chordae
1158 4503 1199 4554 ex
1222 4484 1379 4559 intestinis
1400 4485 1550 4571 bovinis,
1574 4485 1711 4574 felinis,
1735 4486 1943 4579 aliorumque
2079 4499 2081 4504 ’

422 4587 610 4663 eumalium
630 4584 807 4660 uterinam
834 4581 1013 4664 admodum
1035 4581 1201 4678 ebullire,
1228 4583 1420 4679 mulicisque
1452 4583 1667 4660 instrumentis
1698 4585 1837 4664 idonee.
1888 4583 1973 4656 lix‘

446 4709 451 4717 .
690 4697 698 4712 ·
1844 4680 1943 4785 ligni,

491 4863 551 4943 (a)
570 4862 654 4943 ΕΜ
673 4859 753 4926 del‘
814 4874 884 4943 que.
976 4847 981 4856 ⁴

442 5005 449 5016 ‚
517 4945 557 5024 b)
579 4944 692 5007 L'flrn
714 4944 751 5006 de
783 4944 979 5022 'And-Ray.
1001 4942 1160 5020 ΔοΛῚόςι·

440 5105 448 5115 ·
521 5033 558 5102 c)
577 5021 885 5091 L’fflndel’nord
904 5024 1159 5103 lior-Amud-
1285 5099 1316 5181 Ζ

495 5127 497 5132 ’
1283 5143 1286 5147 ’
1322 5120 1441 5180 ΖΖΖΖ
1467 5123 1492 5173 2
