4992 6767
561 668 648 778 m
1001 656 1140 746 uu
1299 629 1629 785 rond

563 869 648 941 vires
668 880 711 932 ex
736 862 813 957 igne
831 873 931 934 moto
956 854 1150 926 destruunt:
1182 849 1265 938 iden
1289 852 1427 949 ignitum
1450 872 1571 944 corpus
1594 855 1688 925 citius
1713 856 1796 953 ignis
1815 859 1971 954 indutam
1995 868 2091 948 senat

564 959 706 1054 positum
728 960 762 1028 in
783 954 884 1028 denso
907 949 942 1023 bt
967 951 1084 1036 firmo,
1108 970 1206 1043 quam
1230 952 1264 1020 in
1286 971 1360 1021 raro
1381 970 1539 1042 corpore:
1564 951 1634 1021 imo
1659 952 1786 1027 densius
1803 960 1967 1036 ridebitur
1984 971 2093 1043 minus

565 1060 650 1155 ignis
672 1052 836 1146 sorpslfe,
862 1052 908 1122 ob
932 1069 1057 1122 motum
1078 1048 1261 1140 irreptantis
1284 1049 1369 1143 ignis
1389 1050 1491 1144 tnagis
1514 1047 1746 1122 consumtum:
1777 1055 1928 1132 Attamen
1952 1064 2092 1153 phanu-

567 1176 663 1227 mena
684 1155 783 1224 etiarn
806 1147 986 1233 differunt,
1019 1148 1096 1238 quia
1116 1147 1226 1216 omnia
1254 1163 1397 1235 corpora
1424 1165 1495 1217 non
1520 1165 1616 1237 eque
1634 1146 1731 1221 facile
1754 1152 1796 1222 ab
1819 1153 1896 1248 igne
1919 1179 2094 1249 penetran-

567 1269 637 1324 tur:
663 1253 749 1348 ignis
773 1246 934 1320 difficilius
955 1244 1135 1341 ingreditur
1152 1240 1232 1312 alba
1257 1261 1354 1334 quarn
1377 1244 1480 1339 nigra

571 1457 577 1466 .
618 1392 650 1491 s.
675 1388 870 1463 MDCXll.
897 1385 985 1457 Hinc
1006 1382 1215 1480 intelligimus
1232 1383 1416 1468 rationem,
1442 1384 1487 1454 ob
1511 1404 1609 1472 quam
1625 1386 1647 1455 fi
1665 1385 1785 1484 digitos
1800 1389 2010 1480 imponamus
2024 1420 2096 1471 me-

569 1490 668 1575 tallo,
694 1488 790 1571 saxo,
814 1508 870 1558 aut
889 1485 991 1567 lana,
1018 1484 1163 1571 quamvis
1183 1500 1277 1571 aeque
1299 1478 1431 1563 calidis,
1454 1479 1664 1554 nihilominus
1689 1485 1817 1556 metalla
1841 1485 2015 1565 sentiantur
2036 1494 2095 1567 lii·

509 1591 512 1598 '
568 1588 697 1685 gidiora
719 1584 809 1657 lani:
835 1584 956 1677 digitus
983 1580 1071 1649 enim
1093 1576 1202 1669 plures
1219 1575 1339 1647 metalli
1364 1597 1470 1668 partes
1495 1598 1592 1667 quam
1616 1580 1863 1679 lanaeattingit,
1881 1584 2023 1679 illasque
2034 1592 2095 1665 du·

568 1688 671 1757 tiores
696 1680 731 1752 dt
754 1677 992 1751 immobiliores
1009 1696 1215 1766 nequaquam
1240 1694 1305 1743 tam
1327 1676 1395 1744 cito
1419 1676 1494 1770 igne
1520 1675 1577 1746 suo
1601 1681 1774 1763 movebit,
1810 1701 1908 1771 quarn
1932 1686 2096 1779 mobiles,

570 1801 712 1863 tenues,
742 1798 891 1867 rarasque
916 1773 998 1844 lanae
1019 1771 1215 1863 particulas:
1247 1782 1299 1842 2⁰.
1324 1769 1412 1841 Tum
1437 1792 1571 1863 quoque
1594 1774 1695 1845 intelli
1721 1781 1811 1861 tur,
1835 1799 1935 1868 quate
1958 1781 2051 1879 digiti
2076 1811 2098 1860 ι

569 1877 708 1948 metallis
736 1872 771 1945 d:
799 1872 1005 1946 solidioribus
1037 1871 1286 1961 quibuscunque
1317 1871 1513 1961 corporibus
1539 1871 1633 1943 citius
1665 1895 1681 1942 r
1729 1875 1922 1971 igereatur,
1956 1901 2097 1971 quamn

568 1973 653 2046 lana.

619 2111 651 2210 s.
677 2108 893 2188 MDCXlll,
913 2105 1041 2178 Ventus
1063 2102 1330 2198 Tbermosuopio
1352 2102 1475 2176 afflatus
1494 2127 1567 2178 vaon
1592 2110 1698 2179 minus
1723 2108 1807 2182 calet
1831 2112 1905 2185 aire
1921 2122 2095 2211 tranquillo

571 2232 631 2310 per
657 2207 688 2306 s
717 2209 821 2298 1604.
845 2205 1056 2276 nihilominus
1075 2224 1189 2273 ventus
1212 2224 1333 2294 corpus
1356 2200 1531 2274 humanum
1554 2203 1659 2274 multo
1678 2202 1757 2296 plus
1780 2207 1967 2305 refrigerare
1990 2216 2092 2308 solet,

572 2296 670 2403 quam
692 2308 748 2377 ait
772 2301 981 2393 tranquillus,
1005 2301 1206 2389 morbosque
1226 2299 1274 2369 illi
1295 2298 1413 2370 calenti
1437 2296 1545 2370 afflans
1570 2302 1714 2388 inducit,
1740 2326 1944 2397 nequaquam
1968 2316 2010 2386 ab
2038 2307 2094 2389 eoss

571 2406 648 2476 dem
668 2404 855 2495 quiescente
876 2398 1044 2469 oriundos.
1093 2393 1198 2491 Quod
1224 2394 1279 2486 fir,
1306 2400 1380 2488 quia
1406 2416 1527 2487 corpus
1545 2396 1728 2469 humanum
1748 2404 1936 2478 naturaliter
1949 2410 2022 2500 plus
2040 2435 2093 2485 ca·

571 2501 618 2574 let
638 2502 726 2573 Asre
747 2499 935 2568 ambiente:
962 2497 1083 2565 Aitem
1105 2496 1201 2589 igitur
1220 2491 1396 2577 calefacit,
1421 2496 1454 2564 in
1478 2514 1522 2564 eo
1548 2496 1736 2585 quiescente
1759 2498 1919 2573 versamur
1943 2525 2095 2601 tanquam

570 2597 606 2672 in
631 2597 769 2690 quadam
795 2592 1046 2683 Atmosphaetas
1071 2589 1215 2681 ejusdem
1235 2610 1291 2659 aut
1313 2591 1411 2681 paulo
1437 2591 1572 2662 minoris
1596 2591 1732 2680 caloris,
1757 2595 1834 2667 ideo
1859 2600 1980 2674 Adrem
2004 2628 2093 2695 non,

572 2715 629 2769 aut
654 2696 708 2765 virt
731 2689 886 2787 frigidum
902 2689 1069 2758 sentimus:
1100 2686 1223 2756 Verum
1245 2689 1378 2777 corpori
1396 2684 1522 2758 afflante
1546 2707 1665 2774 ventu,
1692 2708 1759 2763 tota
1782 2697 1994 2788 atmosphaern
2019 2704 2094 2775 cali-

571 2793 615 2863 da
635 2789 820 2878 abripitur,
844 2786 1005 2855 continuo
1027 2804 1132 2855 novus
1155 2784 1235 2868 air,
1269 2786 1375 2854 minus
1401 2805 1498 2873 quam
1522 2804 1643 2873 corpus
1668 2785 1804 2870 calens,
1834 2794 1999 2880 appellit,
2026 2822 2095 2890 quo

571 2908 643 2961 non
663 2880 776 2975 potest
805 2902 876 2953 non
901 2901 1022 2970 corpus
1047 2882 1114 2949 cito
1139 2876 1174 2950 ἃ
1200 2882 1303 2974 magis
1327 2878 1490 2972 frigefieri.
1539 2875 1692 2970 Quilibet
1723 2902 1864 2966 ventus,
1899 2886 1976 2959 licet
2001 2915 2098 2986 aque

570 2980 737 3079 frigidus,
763 2979 860 3050 nobis
883 2998 950 3046 non
973 2995 1067 3065 aeque
1089 2973 1225 3068 frigidus
1248 2990 1407 3064 apparet,
1433 2971 1523 3062 quod
1548 2992 1567 3040 a
1592 2973 1731 3045 fictitate
1755 2978 1805 3048 vel
1830 2976 1967 3054 humore
1991 2991 2096 3079 asris,

570 3097 643 3151 tutu
668 3073 703 3147 ἃ
726 3076 767 3146 ab
788 3074 865 3144 anni
886 3074 971 3141 varia
998 3070 1186 3160 tempestate
1212 3069 1359 3158 pendet:
1398 3066 1527 3157 Hyeme
1556 3067 1669 3164 gelet,
1702 3070 1756 3142 sed
1779 3094 1914 3166 propter
1939 3084 2094 3162 nebulam

571 3174 690 3248 caelum
713 3174 749 3242 fit
773 3168 964 3251 humidum,
989 3186 1109 3255 corpus
1133 3164 1276 3235 nostrum
1301 3164 1539 3235 intolerandum
1565 3166 1678 3239 sentiet
1702 3164 1827 3264 higus:
1852 3194 1964 3246 verum
1985 3188 2092 3258 acrius

596 3271 662 3344 elet
688 3290 762 3340 cum
786 3265 869 3337 caelo
895 3263 1027 3349 sereno,
1053 3259 1464 3351 spir-anteseptemtnone,
1489 3258 1602 3347 Euro,
1628 3264 1680 3336 vel
1705 3265 1909 3357 Subsolano,
1935 3271 2095 3358 &ventus

572 3293 611 3441 ht
628 3366 769 3450 frctus,
794 3360 997 3433 tolerandum
1020 3356 1216 3453 est'srigus,
1242 3377 1304 3426 uec
1330 3371 1394 3426 tant
1419 3359 1579 3451 ingratum
1605 3382 1702 3451 quam
1730 3364 1762 3434 in
1787 3367 1985 3455 precedenti
2009 3365 2093 3458 casu,

571 3463 702 3539 AEstate
723 3463 822 3553 spiret
848 3458 1045 3547 septemtrio
1069 3456 1189 3538 secus,
1221 3451 1373 3549 frigebit,
1404 3456 1554 3544 corporis
1580 3456 1669 3527 librae
1694 3460 1983 3558 constringuntur:
1999 3461 2094 3562 spiret

573 3560 693 3633 deinde
709 3577 804 3649 aeque
825 3554 949 3625 calidus
967 3551 1107 3633 Auster,
1133 3548 1186 3619 sed
1205 3550 1379 3633 humidus,
1405 3553 1462 3642 qui
1478 3571 1600 3642 corpus
1623 3554 1764 3642 relaxat,
1789 3557 1912 3632 calidus
1936 3565 2097 3643 sentietur.

571 3656 725 3730 Viatores
746 3657 781 3724 in
805 3651 922 3723 Suecia
947 3651 1047 3720 nosiu
1067 3645 1236 3717 observant
1257 3650 1292 3717 in
1316 3646 1419 3735 Sylvis
1440 3649 1614 3719 maximum
1639 3650 1763 3747 frigus,
1785 3657 1820 3725 in
1844 3658 1980 3733 vallibus
2003 3688 2094 3758 aper·

572 3758 613 3826 tia
635 3757 762 3833 miuus,
784 3750 957 3817 minimum
979 3746 1012 3810 in
1028 3743 1113 3809 loeis
1128 3741 1260 3808 excelfis
1277 3742 1377 3829 (a),
1398 3746 1474 3830 quia
1497 3746 1532 3813 iu
1557 3745 1649 3832 sylvis
1670 3749 1789 3819 halitus
1811 3753 1964 3829 arborum
1983 3765 2094 3853 aquofi

572 3847 609 3919 ἃ
628 3848 739 3940 ffigidi
760 3858 882 3929 eorpus
902 3836 1080 3904 humanum
1094 3832 1303 3901 vehementer
1321 3834 1543 3928 frigefaciunt,
1568 3843 1614 3907 uti
1630 3863 1744 3913 ventus
1769 3867 1867 3934 quem
1892 3875 1946 3925 ros
1960 3863 2097 3933 comita·

573 3963 642 4016 tut:
668 3942 741 4010 loca
757 3955 865 4007 autem
891 3927 1047 4020 sylvestria
1063 3927 1187 4017 semper
1208 3927 1278 3996 sunt
1302 3928 1448 3999 humida:
1472 3933 1506 4000 in
1524 3932 1660 4004 vallibus
1683 3941 1803 4027 apertis
1827 3939 1899 4013 sunt
1923 3958 2097 4036 pauciores

571 4037 684 4112 Terta
708 4032 892 4107 anhelitus:
931 4029 965 4096 in
993 4023 1089 4114 locis*
1107 4023 1239 4094 excellis
1259 4022 1461 4114 paucissimi,
1496 4048 1576 4098 non¹
1591 4051 1699 4103 autem
1723 4032 1824 4128 frigus
1847 4039 1949 4133 majus
1973 4046 2035 4121 fuit
2061 4056 2095 4127 in

572 4135 677 4228 sylvis
701 4153 800 4226 quam
823 4130 858 4200 in
888 4123 1050 4196 montium
1074 4119 1274 4208 verticibus,
1300 4120 1354 4192 sed
1379 4125 1490 4214 potius
1514 4130 1741 4219 contrarium,
1765 4149 1906 4209 attamen
1930 4140 1973 4213 fic
1999 4149 2097 4224 nobs,

571 4233 688 4310 sentire
707 4232 812 4304 datur.
1749 4307 1753 4313 ,
1919 4303 1921 4308 .

616 4315 713 4403 Hinc
731 4329 826 4399 etiarn
856 4313 1074 4411 intelligitur,
1108 4313 1323 4407 quamobrem
1353 4316 1469 4387 halitus
1494 4339 1552 4388 ote
1576 4319 1685 4396 hiante
1705 4330 1742 4399 in
1767 4352 1899 4405 manum
1923 4338 2033 4428 pulsus
2058 4335 2095 4418 a

572 4423 820 4515 mosphaernm
842 4434 958 4484 manus
988 4413 1124 4484 calidam
1158 4411 1314 4483 revehens
1339 4412 1497 4485 sentiatur
1525 4416 1674 4493 calidus:
1698 4423 1800 4502 ‚natus
1824 4451 1864 4500 ex
1889 4454 1947 4506 ote
1970 4439 2094 4512 arsiaro

572 4517 821 4609 armosphaeram
838 4510 1024 4604 abripiens,
1047 4506 1083 4580 dt
1107 4508 1232 4583 histem
1255 4509 1483 4584 intermedium
1506 4514 1677 4608 impellens
1697 4524 1737 4595 in
1761 4544 1916 4618 manum,
1942 4530 2094 4609 sentiatm

572 4612 721 4709 frigidus.

1801 4718 1858 4820 s.
1884 4719 2094 4804 Mncxlv.

648 4902 709 4986 (a)
727 4899 930 4970 Ehteumalus
943 4899 1031 4965 uerte
1047 4897 1137 4964 durch
1148 4901 1385 4969 Welluurdiautl.
1400 4919 1464 4998 pag.
1482 4918 1550 4976 arat
