4992 6767
517 684 606 791 ω
964 661 1010 750 D
1061 655 1102 746 Ε
1266 656 1289 744 1
1340 658 1384 745 G
1441 651 1490 743 N
1543 650 1597 743 p„

518 879 555 949 in
568 875 679 968 ignem
692 877 820 957 premet
832 874 933 952 quem
948 853 1018 928 hdr
1030 851 1186 953 frigidus,
1211 850 1268 944 qui
1291 848 1423 924 densior
1445 849 1549 924 multo
1572 852 1675 947 magis
1698 871 1836 945 premet.
1882 856 2049 935 Praeterea

516 967 653 1063 quaudo
666 965 723 1037 a‘e‘r
742 960 860 1055 friget,
880 953 982 1048 majus
996 952 1044 1025 est
1068 953 1242 1025 discrimen
1264 951 1348 1020 inter
1371 951 1482 1045 ignem
1499 952 1540 1021 in
1563 949 1696 1021 ardente
1720 972 1861 1044 empore
1879 952 1915 1024 dc
1934 958 2051 1053 ignem

296 1134 299 1141 .
521 1069 559 1140 in
580 1066 699 1150 Aere,
732 1079 830 1152 quum
851 1052 983 1148 quando
1011 1050 1129 1124 caelum
1153 1047 1294 1161 estuat:
1318 1046 1403 1161 ideo·
1418 1049 1505 1144 ignis
1528 1068 1570 1120 ex
1594 1047 1729 1162 ardente
1753 1051 1847 1123 citius
1871 1046 1907 1123 dt
1931 1054 2053 1149 majori

308 1231 315 1241 ·
421 1306 427 1312 .
516 1143 1485 1344 {hhlllhhlilfflehlllllhille
1498 1166 1772 1329 allilia
1787 1154 2057 1340 ilmhlllllff

521 1357 603 1433 meli
631 1358 727 1453 ignis¹
745 1372 849 1441 ocyus
877 1348 1034 1441 pabulum
1064 1341 1233 1415 consumet
1255 1362 1354 1432 quem
1380 1339 1502 1425 aestivo.
1551 1340 1631 1434 Jant
1658 1341 1717 1412 Sol
1742 1341 1799 1411 suo
1824 1343 1933 1415 calore
1956 1347 2057 1420 valde

521 1454 694 1530 calefaciat
717 1451 859 1535 Aerem,
884 1448 943 1537 qui
964 1463 1100 1536 prunam
1120 1441 1243 1524 ambit,
1268 1441 1353 1537 ignis
1375 1441 1429 1511 riu
1452 1441 1486 1510 in
1510 1439 1666 1530 pabulum
1691 1438 1851 1531 pelletur,
1876 1462 1932 1513 aut
1953 1446 2057 1518 exibit

524 1574 571 1628 err
591 1571 695 1647 pruna
720 1568 796 1619 cum
817 1544 928 1638 pabuli
951 1541 1117 1634 partibus,
1140 1536 1217 1625 ideo
1239 1557 1343 1629 pruna
1365 1555 1434 1608 non
1454 1535 1684 1622 consumetur,
1711 1532 1746 1606 dt
1771 1536 1976 1628 :splendore
1992 1542 2056 1613 So-

526 1650 570 1721 lis
588 1649 749 1722 videbitur
771 1644 928 1739 extingui.
977 1636 1201 1713 Assentiuutur
1223 1636 1321 1705 etiarn
1348 1633 1528 1719 Chemici,
1552 1634 1701 1705 testantes
1725 1634 1808 1704 caelo
1833 1635 1969 1721 calido,
1995 1638 2058 1710 hu·

529 1746 652 1832 mido,
678 1741 714 1817 u
736 1742 833 1825 levi,
856 1743 966 1835 ignem
985 1740 1019 1809 in
1040 1733 1141 1805 fumis
1159 1730 1223 1802 esse
1247 1734 1383 1822 minoris
1408 1730 1586 1804 efficaciae:
1612 1728 1647 1803 dt
1664 1730 1818 1823 pluribus
1843 1733 1943 1806 furuis
1961 1734 2058 1827 juxta

425 1936 430 1950 ς
530 1844 566 1918 se
589 1842 729 1938 pofitis,
750 1843 861 1936 ignem
882 1831 1129 1927 quodammodo
1151 1827 1302 1944 suffocari
1328 1834 1344 1922 (
1380 1830 1415 1925 ).

591 2000 625 2093 ς.
658 1993 900 2076 MDCLXlll.
932 1989 1055 2062 Verum
1084 2011 1127 2062 an
1156 2012 1223 2062 non
1245 1991 1451 2081 requiruntur
1472 1991 1590 2083 aliquae
1623 1990 1788 2087 srngular'is
1816 1992 2058 2068 constitutioni:

529 2097 717 2193 particule,
742 2098 776 2167 in
801 2097 876 2165 a'e‘re
899 2108 1066 2174 nemetes,
1091 2088 1260 2180 hucusque
1279 2090 1476 2191 incognitae,
1501 2111 1576 2181 quae
1592 2110 1710 2180 praeter
1723 2088 1879 2182 pabulum
1895 2087 1931 2162 dt
1947 2096 2057 2187 ignem

529 2197 577 2268 ad
598 2194 764 2269 flammam
788 2186 1014 2263 concurrunt?
1055 2185 1089 2256 id
1110 2206 1177 2281 non
1206 2204 1294 2256 caret
1320 2185 1630 2273 verofimilitudiae,
1664 2187 1686 2256 fi
1712 2186 1754 2257 ad
1775 2190 2000 2277 experimenta
2022 2190 2058 2263 iu

531 2292 567 2393 ᾗ.
588 2292 693 2364 1661.
711 2305 911 2369 memorata,
936 2279 972 2353 dt
994 2283 1028 2353 in
1047 2282 1126 2354 vasrs
1147 2284 1265 2373 apertis
1288 2303 1403 2373 capta,
1427 2282 1648 2355 attendamus:
1673 2286 1708 2357 in
1733 2285 1774 2354 iis
1788 2287 1880 2355 enim
1896 2307 1959 2357 nec
1974 2287 2056 2365 edric
2122 2291 2125 2297 ’

534 2392 636 2464 nimia
658 2385 851 2474 rarefaclio„
877 2401 939 2453 nec
962 2377 1065 2471 major
1084 2381 1230 2451 minorve
1252 2378 1320 2470 ejus
1344 2378 1496 2470 pressus,
1527 2401 1590 2450 nec
1614 2379 1696 2451 furni
1721 2383 1826 2473 exitus
1850 2403 1892 2453 ne
1935 2404 1986 2454 tua
2001 2384 2060 2474 ,irr-

536 2488 647 2561 vocari
672 2483 800 2576 putest3
826 2480 880 2551 sed
905 2498 1028 2549 tantum
1051 2475 1233 2549 consumtio
1258 2497 1367 2549 earum
1391 2480 1531 2568 partium
1556 2498 1597 2548 err
1611 2478 1721 2564 nere,
1745 2500 1820 2569 quae
1834 2478 1875 2550 ad
1920 2500 2059 2558 ammam

469 2654 475 2664 ,
537 2584 689 2657 alendam
713 2600 804 2651 erant
827 2574 1032 2649 necellariae:
1058 2568 1172 2644 Restat
1195 2593 1303 2643 tamen
1330 2573 1522 2658 difficultas,
1546 2596 1622 2645 cum
1648 2578 1681 2646 in
1705 2596 1809 2647 vacuo
1832 2577 1990 2652 nonnulla
2012 2599 2063 2651 ar·

535 2682 660 2752 deant:
694 2675 840 2774 Quando
860 2675 951 2745 enim
978 2670 1019 2740 ad
1045 2671 1231 2743 drachmam
1253 2670 1389 2760 Spiritus
1412 2669 1499 2741 Nitri
1525 2667 1742 2762 Geoffroyani
1765 2675 1800 2742 in
1823 2695 1928 2745 vacuo
1951 2672 2062 2767 adjici·

516 2786 593 2849 'tur
618 2776 771 2847 drachma
793 2773 886 2842 semis
906 2768 984 2839 Olei
1013 2766 1334 2858 Caryophyllorum,
1367 2788 1409 2837 ex
1432 2767 1561 2844 mistura
1586 2772 1688 2844 oritur
1711 2770 1877 2863 extmplo
1899 2770 2064 2857 flamme,

540 2870 579 2946 δι
606 2871 713 2944 diffiht
739 2872 899 2960 recipiens
922 2867 955 2936 in
979 2864 1110 2935 millena
1128 2862 1351 2959 fragmenta(
1386 2866 1416 2950 ).
1929 2904 1934 2914 ·
2052 2885 2055 2890 ·

592 2981 644 3043 2⁰.
667 2968 757 3041 Cum
779 2967 820 3037 ad
842 2966 953 3036 oleum
975 2961 1092 3030 vitrinli
1116 2959 1264 3047 adjicitur
1289 2980 1346 3050 prr
1364 2960 1460 3049 copia
1485 2957 1561 3031 Olei
1587 2962 1712 3035 Tartari
1737 2984 1796 3056 per
1818 2960 1999 3055 deliquium
2023 2960 2062 3037 ἃ

541 3068 667 3137 Oleum
692 3058 1013 3149 Caryophyllorum‚
1047 3076 1116 3123 turn
1146 3054 1332 3152 Phosphori
1366 3054 1498 3126 Urinofi
1529 3058 1661 3132 frustula
1686 3060 1802 3155 injecta
1825 3060 2062 3134 incenduntur:

500 3242 504 3250 ‚
544 3162 735 3230 incendium
750 3158 792 3226 ab
805 3152 903 3223 affusa
914 3171 997 3239 aqua
1015 3149 1205 3219 suffocatur:
1231 3150 1349 3221 deinde
1374 3152 1537 3225 misturam
1561 3161 1698 3247 ponein
1714 3161 1913 3251 recipiente,
1936 3180 1979 3231 ex
1993 3147 2062 3253 quo

405 3260 408 3265 ’
544 3256 615 3329 Aet
635 3253 800 3333 trahetur,
825 3250 962 3316 mixtura
980 3247 1014 3313 in
1040 3266 1145 3314 vacuo
1166 3247 1283 3317 nitebit
1304 3244 1339 3317 ἃ
1363 3248 1526 3321 flammam
1551 3256 1658 3344 capiet
1685 3257 1766 3350 (r).

598 3370 649 3440 30.
674 3348 708 3417 Si
737 3346 778 3415 ad
806 3345 982 3413 carbonem
1011 3341 1156 3435 ligneum
1194 3345 1228 3412 in
1260 3345 1426 3434 pulverem
1454 3367 1648 3436 tenuatum,
1683 3351 1861 3445 prudenter
1884 3354 2066 3428 affricemus

544 3444 776 3537 Phosphorum
804 3439 937 3526 Utine,
961 3459 1089 3510 utnon
1113 3440 1324 3529 incendatur,
1348 3444 1467 3517 deinde
1491 3446 1595 3537 pulvis
1619 3448 1802 3522 includatur
1813 3455 2001 3548 recipienti,
2025 3473 2066 3523 ex

547 3566 618 3638 quo
643 3541 777 3621 trahitur
798 3540 868 3612 Aer
883 3564 907 3627 ;Ι
928 3560 970 3609 eo
993 3536 1213 3627 ncipatum,
1245 3542 1297 3612 vel
1319 3545 1448 3633 penitus
1471 3537 1641 3633 extradio',
1665 3550 1765 3621 carbo
1789 3551 1971 3623 incenditur
1994 3549 2067 3622 ins·

546 3665 648 3743 gnem
670 3641 820 3734 praebens
833 3636 1000 3711 flammam
1017 3631 1052 3706 ἃ
1067 3631 1205 3709 fumum.
1243 3637 1334 3711 Idem
1360 3640 1516 3714 successus
1540 3642 1586 3714 est
1612 3666 1687 3718 cum
1712 3647 1845 3739 pulvere
1868 3652 1963 3741 pyrio
1987 3648 2064 3719 loco

545 3742 719 3814 carbonis:
745 3756 981 3826 nonnunquam
1004 3733 1117 3822 elapfis
1134 3734 1260 3822 aliquot
1283 3741 1415 3809 minutis
1439 3738 1547 3811 furnus
1571 3743 1687 3813 densus
1711 3747 1744 3815 in
1769 3766 1875 3816 vacuo
1889 3746 2067 3832 eructatur,
2089 3800 2092 3806 ,

547 3842 680 3928 uritque
704 3836 808 3924 pulvis
831 3832 997 3907 chartam,
1023 3830 1140 3913 inqua
1155 3827 1270 3914 jacet,
1297 3835 1342 3898 uti
1366 3833 1471 3921 pulvis
1497 3833 1727 3923 Pyrophorus3
1753 3841 1927 3929 aliquando
1952 3842 2069 3912 decem

548 3931 601 4004 vel
628 3930 774 4020 pluribus
798 3926 930 3997 minutis
948 3917 1196 4011 exspectandum
1220 3923 1287 4010 est,
1311 3946 1481 4018 antequam
1499 3928 1634 3999 effecius
1650 3938 1773 4004 evenit:
1798 3935 1972 4023 aliquando
1990 3938 2072 4008 dum

551 4027 767 4100 readmittitur
796 4024 892 4105 hir,
923 4018 962 4090 fit
989 4019 1200 4094 incendium:
1231 4022 1301 4091 imo
1330 4022 1490 4093 interdum
1524 4045 1591 4096 non
1624 4026 1764 4098 succedit
1794 4029 2072 4121 experimentum:

553 4125 631 4195 ideo
652 4119 737 4195 han'c
760 4126 845 4195 viam
874 4120 980 4204 inivi,
1015 4138 1079 4208 qua
1101 4115 1226 4208 semper
1248 4118 1400 4191 succedit.
1449 4119 1508 4191 Est
1539 4121 1682 4194 ABCP
1715 4127 1874 4217 recipiens
1906 4125 2070 4215 vitreum,

423 4246 499 4310 m.
547 4222 671 4310 titum,
697 4224 859 4313 utrimque
882 4234 1051 4309 apertum:
1083 4218 1118 4287 in
1143 4213 1314 4308 Operculo
1339 4240 1435 4290 aeneo
1459 4216 1495 4290 D
1520 4218 1745 4292 ferruminatus
1769 4222 1814 4293 eil
1839 4223 1936 4293 tubus
1960 4240 2073 4299 eneud

372 4348 375 4352 ·
406 4323 528 4389 xxxv·
554 4321 652 4409 EF,
686 4319 811 4392 clausus
835 4336 925 4408 parte
949 4308 1091 4384 inferiori
1112 4312 1168 4398 F,
1202 4337 1333 4405 apertus
1362 4337 1452 4408 parte
1483 4316 1636 4408 superiori
1661 4316 1704 4389 E.
1753 4318 1791 4394 ln
1817 4319 1923 4391 tabula
1948 4322 2074 4397 Antliae
2111 4323 2120 4339 ‘

405 4405 468 4483 ΠΕ·
489 4420 520 4476 ⁴·
555 4423 690 4511 ponitur
704 4415 833 4507 capsula
857 4412 892 4483 G
913 4433 953 4481 ex
975 4409 1068 4505 ligno
1093 4414 1181 4482 tenui
1199 4434 1361 4503 raroque,
1386 4416 1419 4483 in
1444 4414 1603 4504 operculo
1628 4414 1764 4506 cepsulae
1784 4419 1869 4512 jacet
1880 4417 1985 4507 pulvis
2002 4441 2073 4491 car·

466 4577 470 4584 .
552 4520 674 4605 honis,
698 4516 752 4586 cui
765 4510 889 4588 ,aditus
899 4506 963 4585 fuit
974 4505 1188 4602 Phosphorus
1200 4508 1336 4596 Utine,
1361 4510 1448 4583 hunc
1467 4510 1638 4603 pulverem
1664 4517 1765 4612 tangit
1787 4518 1884 4590 tubus
1901 4514 1946 4586 F:
1972 4535 2074 4609 quan·

625 4818 686 4893 (e)
708 4819 838 4883 Creneri
853 4817 1017 4879 Docinafia
1031 4830 1105 4897 pert.
1124 4835 1151 4883 1.
1173 4836 1240 4896 pag.
1260 4827 1325 4885 rrd.
1423 4866 1430 4887 .

626 4898 687 4977 (ll
707 4897 964 4991 Nemonoptlkr
979 4900 1036 5039 ἳυ.
1055 4916 1102 4971 31.
1127 4917 1191 4975 pag.
1208 4915 1276 4973 354.
1298 4979 1305 4995 .

628 4980 687 5060 (a)
707 4973 895 5058 Deregulrerr
911 4976 990 5080 cour
1002 4994 1019 5038 e
1033 4978 1071 5041 os
1080 4978 1234 5059 Experlm.
1252 4978 1423 5060 l'hrlol'eph.
1440 4977 1510 5060 Vol,
1529 4992 1558 5041 a.
1578 4995 1646 5064 ρας.
1663 4986 1732 5059 ³89·
