4992 6767
601 740 606 752 .
671 705 729 819 ss.
762 673 1112 794 eonnonuus
1151 604 1675 768 nnnntnonusraus.
1762 741 1771 756 ,
1841 695 1938 802 ³70:

410 951 553 1030 mutivit
583 942 629 1022 est
663 944 769 1019 modo
797 900 940 999 ἶ-ἶῖ
956 880 1532 1013 -2-33.:?-²2·:-²-13·⁴-⁴-¹-
1555 897 1819 1079 :ef—¹)
1856 996 1865 1015 ,
1892 945 1930 1018 fi.

410 1115 479 1188 rnili
511 1111 614 1185 modo
651 1107 812 1181 invenitur
850 1103 941 1196 quod
976 1101 1060 1188 lux,
1100 1123 1173 1194 quae
1205 1099 1344 1172 transivit
1384 1102 1513 1173 stratum
1547 1103 1705 1186 tertium,
1754 1104 1859 1178 suttrra
1893 1106 1929 1177 st

407 1294 448 1357 ;
475 1217 734 1437 (ΕΞ-ἐγ.
757 1286 817 1362 per
835 1283 984 1359 quartum
1000 1261 1130 1335 stratum
1146 1261 1206 1331 erit
1219 1278 1262 1338 :·.
1276 1233 1301 1391 (
1312 1221 1449 1418 ἐξ.
1462 1212 1525 1389 )⁴‚
1544 1261 1672 1333 ,fldem
1691 1223 1861 1422 (suri-..1⁸
1877 1214 1929 1402 )“

407 1504 476 1579 sed
498 1480 551 1574 ha}
575 1498 769 1594 quantitates
787 1449 888 1645 ἒ-ἷ-
913 1448 942 1561 ¹.
970 1453 995 1604 <
1009 1447 1146 1640 ῗ-ἶ--Ῐ
1161 1453 1185 1614 )
1199 1432 1223 1558 Ι.
1253 1444 1435 1636 (pi—¹
1449 1460 1472 1617 )
1485 1436 1511 1558 ³.
1540 1461 1562 1611 (
1572 1446 1716 1640 gif-¹
1730 1438 1785 1608 γ
1808 1494 1927 1570 suntin

408 1678 628 1774 progressione
652 1667 878 1743 Geometrica:
903 1664 1053 1753 adeoque
1076 1619 1235 1751 quaniitns
1261 1658 1324 1729 ssve
1342 1658 1505 1772 intenstas
1526 1664 1607 1733 lueis
1623 1684 1682 1752 per
1697 1666 1841 1738 medium
1854 1689 1928 1741 cor·

408 1798 546 1869 pereum
567 1777 811 1866 homogeucunt
835 1762 1024 1835 transeuntis
1049 1756 1207 1831 decrescit
1231 1764 1265 1831 in
1290 1774 1506 1858 proportione
1530 1760 1752 1833 Geometrica.

473 1901 504 1998 h.
537 1892 762 1973 MDCCXL.
802 1889 889 1986 Quia
917 1889 999 1961 lucis
1032 1906 1072 1956 ex
1104 1888 1228 1975 puncto
1260 1881 1392 1953 lucente
1420 1890 1567 1960 exeuntis
1596 1889 1732 1962 densitas
1770 1892 1928 1967 decrescit

410 2001 443 2070 in
477 2003 601 2070 ratione
629 1993 748 2066 inversa
780 1988 1008 2081 quadratorum
1047 1981 1292 2064 distantiarum,
1343 1977 1423 2049 lucis
1462 2004 1505 2053 ex
1546 1988 1670 2077 punito
1711 1987 1840 2058 lucente
1870 2014 1929 2062 ex-

407 2101 512 2166 euntis
551 2094 585 2167 dt
625 2092 770 2163 inedium
805 2106 1000 2175 corporeum
1040 2083 1231 2152 transeuntis
1274 2077 1412 2149 denfitas
1462 2082 1496 2150 in
1536 2084 1629 2158 variis
1671 2083 1826 2158 distantiis
1867 2092 1927 2161 erit

400 2190 1548 2308 p-1sl-¹)⁸(r-22³‚s‚t;1)⁴§a;;32¹¹

409 2299 764 2420 ''i‘’'i‘ii‘
799 2297 970 2407 'Tm
1139 2315 1235 2401 1⁶e*
1310 2306 1322 2342 ’
1388 2322 1482 2401 'aas'
1548 2305 1559 2323 ’

451 2449 541 2524 Hinc
563 2450 585 2516 st
609 2461 827 2539 cognoscatur
849 2457 1005 2528 quantum
1033 2434 1115 2507 lucis
1148 2435 1330 2524 intercipiat
1357 2437 1427 2507 Ait
1459 2440 1493 2507 in
1518 2436 1594 2507 dato
1619 2438 1816 2530 intervallo,
1856 2445 1927 2522 sciri

404 2546 511 2640 potest
534 2562 692 2632 quantum
715 2538 795 2607 lucis
819 2536 1040 2624 intercipietur
1070 2535 1104 2604 in
1127 2551 1327 2623 quocunque
1352 2532 1418 2603 alio
1444 2534 1621 2608 intervallo.

464 2668 497 2755 S.
526 2660 767 2735 thCCXLl.
801 2658 878 2731 Lux
899 2680 1012 2749 quaee
1042 2658 1139 2728 stellis
1161 2658 1235 2727 fixis
1261 2658 1301 2727 ad
1332 2660 1473 2732 nostram
1503 2684 1619 2734 terram
1653 2670 1768 2751 venit,
1800 2669 1926 2758 ΛΕΜ
2013 2745 2021 2760 .

407 2784 597 2858 permeans,
623 2758 786 2843 scintillat,
812 2757 876 2829 srve
891 2755 1010 2836 efficit,
1033 2773 1069 2825 ut
1088 2753 1186 2824 stellae
1209 2755 1317 2823 radios
1340 2760 1584 2846 quoquoversus
1610 2782 1652 2830 ex
1677 2763 1708 2830 se
1733 2768 1856 2838 vibrare
1878 2777 1926 2843 vi·

406 2862 571 2940 deantur,
602 2860 645 2924 ita
667 2853 774 2923 saltem
803 2853 890 2942 apud
918 2873 979 2921 nos
1006 2853 1040 2921 in
1066 2850 1210 2945 Belgio:
1245 2848 1434 2943 Philosophi
1466 2857 1590 2945 opinari
1616 2877 1811 2947 caeperunt,
1846 2864 1928 2939 scin.

404 2957 594 3027 tillationem
616 2952 748 3020 excitari
772 2949 790 3017 d
812 2948 987 3038 vaporibus
1013 2967 1032 3015 e
1057 2945 1127 3014 solo
1152 2948 1184 3015 in
1207 2946 1329 3015 A'e‘rern
1354 2948 1622 3036 escendentibus,
1649 2975 1791 3046 eumque
1816 2967 1928 3034 conci·
2054 3033 2059 3040 ,

404 3052 544 3123 rantibus
568 3051 600 3118 in
617 3066 793 3131 tremores,
819 3046 875 3133 qui
895 3043 976 3112 lucis
993 3043 1188 3111 continuum
1217 3039 1390 3135 ingressum
1415 3046 1449 3113 in
1473 3045 1589 3116 oculos
1614 3051 1864 3142 interciperent,
1890 3057 1926 3133 ἀ

403 3149 645 3240 phaenomenon
676 3140 831 3213 subsultus
860 3139 911 3209 vel
943 3138 1107 3207 radiorum
1140 3138 1359 3206 emanantium
1392 3139 1562 3210 efficiunt:
1605 3140 1703 3215 Hanc
1737 3146 1926 3228 sententiam

403 3242 565 3314 Carcinus
587 3237 779 3311 confirmare
802 3234 928 3306 annisus
951 3234 1011 3304 suit
1041 3233 1062 3327 (
1069 3233 1133 3325 a).
1185 3232 1280 3322 Quia
1304 3235 1337 3302 in
1365 3233 1494 3306 Atabiae
1522 3237 1603 3308 urbe
1633 3237 1783 3322 Gamron
1807 3248 1925 3324 caelum

402 3341 448 3412 est
467 3338 643 3410 admodum
667 3334 812 3405 serenum
836 3329 872 3400 dt
894 3353 1051 3420 vaporum
1072 3351 1212 3420 expers,
1238 3330 1271 3399 in
1296 3350 1365 3418 quo
1387 3329 1546 3402 stellatum
1568 3332 1680 3405 lumen
1703 3341 1847 3412 cernitur
1863 3367 1925 3438 pu.

403 3461 494 3520 rum,
519 3437 573 3505 sed
597 3435 719 3521 absque
744 3429 808 3499 ulla
832 3425 1079 3511 scintillatione,
1103 3444 1216 3495 contra
1232 3428 1265 3493 in
1286 3423 1410 3519 Regno
1424 3426 1604 3519 Bengalae,
1630 3432 1663 3499 in
1688 3453 1756 3520 quo
1781 3437 1855 3509 ll'e'r
1877 3445 1924 3515 est

401 3533 593 3613 humidior,
619 3528 674 3597 lux
695 3524 856 3594 stellarum
883 3520 1055 3603 scintillat,
1088 3523 1233 3611 quamvis
1254 3523 1361 3588 minus
1389 3542 1485 3610 quam
1510 3526 1543 3590 in
1566 3522 1727 3615 Europa:
1754 3532 1798 3603 ita
1823 3540 1923 3613 etiam

401 3629 611 3702 Condamine
633 3626 666 3691 in
688 3620 773 3689 Peru
797 3641 816 3688 a
839 3620 909 3687 sinu
929 3614 1104 3706 Guajaquil
1132 3614 1301 3705 usquead
1326 3613 1420 3685 Lima
1449 3615 1552 3686 stellas
1584 3619 1661 3689 fixas
1686 3623 1791 3695 multo
1816 3636 1924 3707 minus

401 3746 500 3817 quam
525 3726 557 3792 in
581 3716 687 3788 Gallia
711 3707 879 3784 scintillare
904 3714 1037 3783 notavit.
1086 3711 1214 3781 Tamen
1239 3709 1371 3800 quando
1402 3713 1488 3804 apud
1514 3736 1576 3785 nos
1601 3719 1717 3788 acriter
1740 3721 1854 3815 gelat.
1886 3730 1923 3802 dt

400 3821 519 3893 caelum
543 3819 659 3905 hyeme
681 3812 728 3882 est
751 3809 924 3894 serenum,
956 3806 1055 3877 stellae
1075 3809 1223 3878 omniurn
1249 3804 1415 3878 clarilhme
1440 3807 1637 3897 scintillant,
1665 3834 1800 3907 tumque
1825 3822 1927 3918 suspi.

398 3922 456 3988 cio
480 3933 547 3985 non
573 3912 619 4000 est
642 3913 674 3980 in
699 3906 926 3995 Atmosphaera
954 3902 1155 3987 subsultare,
1188 3923 1243 3973 aut
1263 3903 1416 3993 copiosos
1445 3906 1640 3979 adscendere
1663 3911 1849 3992 anhelitus:
1884 3919 1922 3997 dt

398 4012 499 4085 llellae
528 4007 726 4095 Telescopio
758 4001 938 4093 conspeslae
971 4021 1040 4071 non
1069 3998 1249 4077 scintillant.
1298 4000 1355 4072 An
1386 4000 1468 4072 lucis
1499 4006 1673 4095 vivacitas,
1707 4033 1772 4102 qua
1804 4020 1923 4096 oculos

398 4108 514 4193 afficit,
539 4106 636 4173 etiam
658 4098 711 4171 hic
735 4120 803 4169 non
824 4096 1011 4167 concurrit?

456 4233 488 4330 ς.
517 4222 780 4318 MDcchu.
814 4221 984 4315 Quoniam
1006 4218 1122 4291 Media
1147 4242 1338 4312 corporea,
1364 4225 1509 4312 quamvis
1536 4229 1664 4312 tenuia,
1691 4248 1813 4307 tanturn
1839 4239 1922 4316 lucis

400 4323 636 4420 intercipiunt,
668 4323 737 4393 fieri
758 4322 872 4409 nequit
899 4333 935 4387 ut
965 4314 1072 4406 Lux,
1112 4339 1186 4408 quae
1214 4319 1233 4388 e
1258 4318 1355 4389 stellis
1386 4320 1457 4389 lixis
1481 4323 1693 4398 remotillimls
1717 4330 1758 4400 ad
1783 4332 1922 4413 Terram

400 4448 504 4518 usque
527 4425 702 4505 adventat,
733 4417 877 4489 medium
902 4435 1099 4505 corporeum
1124 4418 1376 4506 pertranaverit:
1409 4436 1482 4488 narn
1515 4423 1549 4491 in
1575 4425 1764 4501 intermedia
1787 4434 1920 4510 immani

400 4525 544 4598 distantia
564 4539 621 4590 aut
649 4513 854 4609 :particulis
880 4511 988 4583 solidi:
1018 4510 1146 4596 medii,
1179 4513 1231 4585 vel
1261 4514 1302 4584 ab
1334 4536 1444 4587 earum
1476 4520 1508 4587 vi
1539 4520 1716 4611 repellente
1740 4532 1920 4622 reperculsa

396 4620 506 4697 suiset
526 4618 597 4691 saus
614 4619 682 4690 cito
707 4614 830 4687 omnis:
855 4631 932 4684 cum
953 4629 1061 4683 nmen
1077 4607 1176 4686 stelle
1201 4609 1274 4685 fixae
1294 4611 1473 4689 admodum
1496 4613 1582 4691 clare
1605 4623 1724 4699 micare
1749 4628 1918 4720 ridentur,

1808 4750 1921 4805 wilm

471 4918 530 5002 (ι)
549 4911 717 4984 L'iilliolre
731 4910 768 4977 de
783 4908 894 4982 tuat.
910 4914 989 4997 hon.
1008 4912 1063 4984 Δο.
1079 4929 1168 4998 ¹²⁴3·
1188 4931 1256 4998 pag.
1277 4920 1325 4979 at.

1251 5027 1435 5105 Xxxxa
