4992 6767
558 690 668 782 DE
729 689 1222 788 METEORIS
1279 693 1627 789 lGNEIS.
1750 697 1853 810 1069

333 898 469 973 modum
496 891 623 977 lucida,
647 888 900 982 quaquaversum
922 889 986 964 late
1012 895 1184 987 explicita,
1209 917 1343 993 repente
1367 901 1401 972 in
1426 897 1552 972 sublimi
1576 899 1749 980 emicans,
1774 899 1856 969 defi.

335 1017 504 1087 ncnsque,
530 994 572 1062 ita
598 1009 633 1061 ut
655 1008 881 1060 momentanea
903 1010 1027 1064 tantum
1053 995 1101 1065 lit.
1649 1007 1657 1014 ·

384 1124 416 1215 ς.
444 1116 667 1194 blMDXlX.
692 1115 849 1213 Fulgurat
869 1137 963 1208 teque
989 1117 1076 1190 coelo
1103 1118 1214 1192 sereno
1240 1142 1278 1192 ac
1293 1142 1368 1192 eum
1385 1121 1548 1208 nubibus,
1571 1144 1645 1212 quae
1664 1119 1859 1211 plerumque

339 1225 409 1296 sunt
431 1242 566 1304 renuet,
591 1217 758 1300 discrete,
783 1236 907 1306 parvae:
933 1215 1120 1289 rarilirmum
1144 1220 1189 1290 est
1210 1217 1362 1316 Fulgur,
1394 1221 1452 1291 nist
1473 1221 1542 1292 dies
1565 1219 1659 1289 calidi
1688 1216 1859 1308 praecelie·

340 1329 422 1409 rint;
448 1320 586 1410 fulgurat
608 1318 732 1405 absque
756 1315 901 1397 tonitru3
936 1313 958 1384 fi
982 1335 1090 1386 tamen
1111 1316 1176 1388 hoc
1206 1318 1298 1387 fimul
1319 1317 1434 1401 adest,
1467 1318 1605 1390 Fulmen
1630 1339 1791 1401 vocatur,
1825 1311 1860 1385 bt

340 1443 409 1492 tum
433 1418 479 1488 eli
500 1418 554 1486 lux
576 1413 752 1504 conspicua
774 1410 917 1482 fulminis
942 1412 1058 1503 procul
1084 1414 1245 1485 distantis:
1272 1418 1325 1485 vix
1349 1437 1397 1486 ter
1420 1417 1568 1506 quolibet
1589 1438 1676 1485 anno
1702 1413 1863 1505 Ultraj'ec·

342 1523 365 1589 ti
386 1518 547 1613 fulgurum
573 1518 607 1584 in
634 1510 732 1582 insula
751 1508 894 1602 Jumaica
917 1511 1026 1582 mense
1049 1510 1160 1603 Juli0‚
1176 1513 1347 1609 Augusto,
1363 1511 1397 1584 δι
1414 1515 1596 1605 Septembri
1611 1511 1864 1606 fulguraequali-

292 1637 295 1642 ·
342 1619 399 1686 bet
415 1618 511 1685 nue‘le
528 1616 652 1703 absque
667 1610 809 1693 tonitru,
835 1606 887 1675 sed
908 1610 940 1677 in
959 1607 1019 1677 hac
1042 1610 1142 1679 inl'ula
1159 1613 1275 1705 ingens
1297 1633 1409 1708 regnat
1434 1612 1538 1685 aellus.
1573 1607 1779 1681 Rarillimum
1798 1608 1863 1691 est,

344 1714 366 1784 st
389 1712 511 1801 aliquid
535 1712 643 1781 damni
669 1708 764 1778 rebus
787 1703 983 1775 terrestribus
1008 1705 1157 1793 adferat,
1192 1730 1268 1778 cum
1294 1712 1327 1780 in
1354 1708 1479 1782 sublimi
1506 1728 1631 1782 tantum
1654 1707 1725 1778 baec
1754 1709 1865 1778 incen-

344 1810 397 1882 dia
421 1811 519 1893 liant,
545 1829 606 1879 nec
628 1805 758 1901 longius
781 1800 955 1893 profiliunt.

419 1985 427 2001 .
453 1923 661 2000 mnrtnxx.
692 1921 845 2020 Fulguris
865 1924 1026 2006 materiae,
1053 1945 1126 2013 quae
1150 1925 1260 2020 ignem
1280 1924 1354 2008 alit,
1380 1926 1426 1997 est
1452 1924 1632 2015 plantarum
1654 1927 1785 2006 oleum,
1811 1946 1868 1993 ca·

348 2033 419 2104 lore
444 2029 561 2098 diurno
585 2018 832 2093 attenuatum&
860 2020 977 2090 sursum
1004 2020 1145 2102 elatum,
1179 2042 1246 2093 turn
1270 2024 1427 2113 quicquid
1454 2022 1660 2114 sulphureum
1683 2022 1869 2092 oleosumue

349 2152 390 2201 ex
404 2125 537 2197 terrellri
551 2122 621 2190 solo
640 2117 852 2199 exhalaverit,
879 2116 970 2208 quod
993 2116 1070 2187 hinc
1091 2120 1169 2187 inde
1185 2121 1218 2187 in
1235 2120 1446 2210 atmolphaera
1462 2119 1657 2211 dispersum,
1682 2141 1744 2189 nec
1760 2121 1869 2192 conti·

350 2244 448 2297 nuunr
474 2221 616 2299 hterens,
642 2218 767 2305 partitis
792 2216 916 2282 vicibus
935 2214 1144 2295 incenditur,
1177 2212 1310 2284 flamma
1334 2216 1364 2283 se
1388 2216 1592 2303 explicante,
1612 2236 1768 2304 quantum
1785 2236 1869 2287 trac·

349 2344 398 2394 tus
422 2315 633 2387 exhalationis
658 2309 818 2398 ejusmodi
839 2327 955 2396 patet;
990 2311 1042 2376 cui
1067 2307 1128 2378 alia
1158 2315 1300 2381 occurrit
1328 2314 1360 2381 in
1383 2309 1457 2381 a’e‘rc
1482 2333 1616 2402 quoque
1639 2314 1785 2400 pendens
1817 2334 1872 2382 na·

348 2435 484 2505 tansquc
504 2409 701 2487 substantia,
727 2425 866 2500 quacum
894 2402 1099 2488 effervescit,
1133 2408 1242 2503 ignem
1265 2412 1436 2499 concipit,
1470 2430 1568 2500 atque
1590 2408 1681 2477 simul
1705 2406 1871 2505 difflagrat.

348 2516 450 2589 Forte
471 2511 577 2580 nubes
601 2501 720 2574 oleosae
745 2522 953 2573 occurrentes
973 2504 1138 2595 vaporofis
1164 2506 1256 2578 valde
1280 2505 1437 2577 electricis
1461 2508 1502 2576 ab
1528 2505 1734 2576 eleciricitate
1757 2508 1872 2597 copio-

351 2614 382 2686 sa
403 2632 443 2679 ex
464 2607 514 2676 his
536 2608 569 2673 in
597 2603 674 2671 alias
696 2599 826 2670 volante
850 2599 1098 2687 accenduntur,
1129 2602 1227 2675 veluti
1262 2603 1429 2674 artificiosa
1460 2602 1668 2675 cleilricitate
1698 2604 1873 2673 incendere

351 2707 519 2805 poliumus
545 2701 670 2791 spiritus
701 2695 958 2767 inflammabiles.
1009 2699 1042 2769 Si
1065 2718 1171 2771 tamen
1195 2701 1333 2771 interdiu
1358 2701 1517 2796 fulgurat,
1549 2700 1656 2791 potest
1677 2703 1809 2770 materia
1827 2702 1875 2770 in·

352 2806 449 2881 cendi
473 2821 527 2872 aut
551 2821 570 2868 a
592 2800 677 2868 binis
699 2798 886 2865 memoratis
912 2796 1040 2881 causis,
1074 2795 1243 2869 ueletiam
1268 2818 1287 2866 a
1318 2798 1413 2868 radiis
1439 2796 1524 2867 Solis
1553 2797 1674 2866 nubem
1701 2798 1875 2866 rotundam

352 2893 632 2999 perreprantibus,
658 2891 826 2964 &focum
848 2893 1078 2965 formantibus:
1105 2893 1157 2966 vel
1173 2893 1305 2987 possbnt
1322 2895 1401 2967 radii
1417 2915 1436 2963 a
1452 2913 1594 2967 concava
1618 2893 1705 2963 nube
1730 2893 1875 2985 replicati

352 3008 386 3076 in
408 3000 519 3070 focum
544 2993 708 3064 materiam
729 2990 993 3060 inflammabilenr
1017 2991 1204 3063 incendere.

404 3110 470 3182 Sed
492 3107 684 3198 plerumque
707 3099 850 3195 fulgurat
872 3099 946 3191 post
968 3102 1054 3172 Solis
1079 3101 1228 3173 occasum
1252 3098 1342 3173 &in
1368 3102 1473 3173 nodis
1499 3101 1615 3184 initio,
1640 3100 1773 3193 quando
1797 3098 1877 3171 hali·

354 3231 405 3282 tus
424 3207 531 3278 diurni
552 3202 658 3272 adhuc
681 3198 816 3284 calent;
851 3196 977 3293 fulgura
1000 3198 1193 3289 plerumque
1215 3201 1248 3270 in
1272 3199 1349 3271 loco
1371 3198 1448 3270 coeli
1471 3220 1539 3268 non
1563 3197 1741 3268 admodum
1766 3196 1877 3286 amplo

354 3307 562 3400 speciantur,
596 3317 762 3388 nunquam
789 3297 875 3366 eninr
900 3299 934 3366 in
959 3295 1089 3366 duobus
1115 3294 1191 3366 coeli
1213 3296 1346 3392 plagis,
1381 3296 1616 3366 multominus
1641 3300 1674 3367 in
1699 3295 1799 3364 tribus
1822 3312 1877 3364 aut

353 3423 493 3498 quatuor
516 3400 621 3491 plagis
643 3392 814 3487 fulgurasie
840 3393 924 3465 vidi:
951 3390 986 3463 bt
1008 3393 1117 3487 fulgur
1140 3393 1251 3483 elapl'o
1269 3414 1417 3484 tempore
1437 3395 1579 3465 breviori
1602 3392 1654 3464 vel
1672 3392 1813 3486 longiori
1832 3388 1878 3460 se·

354 3506 462 3590 quitur
493 3495 581 3560 uliud
614 3492 749 3577 fulgur,
783 3489 867 3549 atico
898 3510 932 3549 ut
961 3492 1147 3552 incendium
1176 3490 1314 3555 alterum
1333 3491 1518 3557 incendium
1543 3489 1616 3575 post
1639 3491 1670 3559 se
1694 3490 1816 3567 trahat,
1843 3482 1878 3557 &

357 3611 485 3679 tempus
507 3582 735 3654 intermedium
759 3574 882 3662 Leydae
898 3576 1047 3648 constans
1064 3598 1131 3647 non
1149 3577 1213 3670 lit,
1239 3583 1315 3669 quia
1338 3582 1426 3666 uidi,
1451 3581 1578 3676 fulgura
1602 3581 1708 3652 secuta
1730 3583 1821 3651 fuilie
1845 3607 1879 3656 a·

356 3691 398 3762 lia
420 3702 568 3773 tempore
598 3698 643 3769 30
669 3675 728 3742 ml.
752 3672 803 3744 vel
830 3673 994 3744 breviori:
1027 3678 1111 3746 inter
1132 3674 1191 3745 alia
1213 3679 1403 3747 excurrebat
1428 3699 1554 3768 tempus
1586 3699 1599 3747 r
1629 3701 1675 3749 m.
1700 3678 1751 3751 uel
1777 3702 1797 3749 2
1824 3699 1880 3752 aut

356 3786 497 3881 plurium
523 3780 733 3848 minutorum.
783 3770 939 3843 Attamen
963 3769 1018 3842 Cl.
1035 3768 1263 3845 Lomonosow
1282 3773 1450 3865 Petropoli
1473 3774 1651 3847 observavit
1674 3774 1799 3871 fulgura
1820 3796 1879 3867 per

358 3881 494 3973 aequalia
516 3876 584 3948 fere
608 3867 763 3964 temporis
789 3868 953 3942 interualla
976 3889 1097 3963 nempe
1124 3893 1171 3961 40
1197 3869 1258 3943 ml.
1283 3874 1440 3962 emicare,
1465 3871 1558 3971 quud
1579 3872 1625 3947 illi
1646 3873 1724 3946 loco
1741 3870 1786 3943 est
1801 3894 1878 3965 pro-

355 4001 474 4075 prtum.
852 4061 917 4147 De
944 4064 1114 4150 Fulmina
1141 4073 1187 4159 θ’
1216 4067 1390 4153 ibnitru.

405 4282 435 4382 §.
462 4270 685 4351 ntMDxxl.
711 4257 857 4368 Quando
880 4271 1063 4344 Flammam
1085 4274 1372 4371 fulgentiffimam,
1407 4280 1441 4349 in
1464 4277 1551 4350 coelo
1578 4274 1806 4369 conspicuam,
1831 4285 1880 4350 in·

399 4406 435 4454 ns
458 4379 567 4473 fragor
589 4373 751 4463 sequitur,
777 4372 915 4442 dicimus
940 4371 1187 4446 Fulminare&
1215 4373 1350 4448 sonare.

409 4507 439 4607 ᾗ.
464 4500 703 4576 llllbllDXXll.
736 4499 872 4590 Triplex
903 4503 950 4572 cst·
973 4505 1105 4598 cognita
1134 4504 1293 4576 Fulminis
1321 4502 1355 4576 &
1383 4504 1524 4577 Tonitru
1550 4506 1697 4599 specics:
1728 4528 1801 4579 nam
1833 4529 1880 4579 10.

359 4612 461 4684 oritur
485 4627 502 4673 a
526 4599 693 4690 sulphurea
721 4601 879 4685 materia,
912 4623 985 4691 quae
1014 4603 1163 4674 interrae
1195 4603 1370 4675 visceribus
1395 4604 1554 4692 accensa,
1596 4603 1713 4675 sursum
1743 4610 1883 4698 erumpit

360 4732 399 4782 ex
421 4705 502 4775 solo.
531 4718 581 4769 2⁰.
618 4694 681 4765 Vel
711 4719 729 4767 a
754 4699 885 4767 materia
911 4697 1045 4769 ardente
1071 4721 1112 4770 ex
1145 4699 1212 4773 alto
1242 4702 1330 4773 coelo
1355 4702 1504 4776 deorsum
1538 4708 1710 4776 interram
1742 4706 1881 4777 labente.

362 4816 414 4902 30.
439 4801 502 4871 Vel
528 4798 569 4867 ab
594 4795 799 4865 elenncitate
823 4817 882 4887 per
905 4795 1017 4868 adrem
1041 4799 1319 4892 atmosphaencum
1345 4801 1457 4876 diffusa
1480 4799 1515 4874 δι
1537 4803 1691 4876 densata:
1731 4804 1796 4873 hoc
1827 4821 1881 4867 or-

361 4909 438 4977 dine
461 4919 523 4971 tres
550 4893 671 4986 species
695 4893 886 4985 expediam,
910 4916 978 4969 non
1002 4895 1172 4985 dubitans,
1197 4902 1278 4992 quin
1303 4901 1470 4995 posteritas
1490 4903 1597 4977 adhuc
1620 4905 1697 4974 alias
1718 4897 1880 4966 deteilura

361 5005 408 5074 fi*
1063 5093 1116 5164 rt
1141 5113 1175 5166 tt
1200 5113 1233 5167 a
1259 5120 1280 5167 2
1567 5087 1598 5185 ι.
1624 5083 1879 5160 mmuxxrrr.
