4992 6767
631 705 744 792 DE
806 705 1296 797 METEORIS
1351 709 1713 824 AQUEIS.
1846 741 1928 828 997

408 927 489 990 ,narn
514 907 549 977 in
572 901 673 975 altero
697 900 771 972 casu
795 898 982 972 elellricitas
1002 923 1043 972 ex
1068 923 1156 992 parte
1179 903 1321 979 inferiori
1342 909 1437 979 nubis
1463 907 1669 999 proserpserit
1689 912 1725 981 in
1744 907 1868 1003 uum,
1893 910 1928 986 dt

411 1008 448 1080 in
474 1004 569 1076 nubis
590 1019 684 1092 parte
707 998 851 1089 suprema
874 995 1011 1069 collecla
1034 997 1149 1084 fuerit,
1174 1021 1248 1092 quae
1266 1006 1343 1075 ideo
1366 1003 1478 1076 mansit
1502 1001 1667 1094 superstes.

461 1137 493 1236 5.
519 1128 835 1208 MMCCCLXIII.
859 1128 1011 1218 Causas,
1042 1153 1117 1223 quae
1137 1131 1306 1218 efficiunt,
1335 1153 1373 1206 ut
1406 1138 1514 1206 omnia
1538 1156 1711 1224 meteora,
1744 1135 1779 1211 dt
1813 1145 1927 1233 proin-

412 1238 454 1312 de
479 1255 614 1326 quoque
640 1231 776 1302 nubium
801 1227 966 1319 particulae
993 1250 1035 1299 ex
1060 1230 1127 1299 alto
1153 1230 1327 1313 labantur,
1359 1230 1545 1301 tradidimus
1567 1233 1671 1326 supra.
1713 1235 1839 1326 Saepius
1871 1262 1928 1312 au·

416 1355 482 1408 tem
508 1332 635 1411 evenit,
660 1347 696 1398 ut
716 1326 821 1397 nubes
846 1326 952 1394 minus
976 1325 1124 1396 elelirica
1147 1345 1297 1396 occurrat
1318 1325 1372 1394 alii
1387 1347 1520 1415 aqueae,
1545 1326 1580 1397 dt
1607 1331 1712 1400 multo
1740 1331 1813 1422 plus
1843 1335 1927 1408 elec·

412 1437 523 1511 tricae,
549 1449 590 1498 ex
611 1427 672 1494 hac
697 1422 887 1494 electricitas
909 1422 1017 1493 evolat
1040 1425 1073 1493 in
1092 1424 1259 1512 priorem3
1286 1423 1375 1512 prior
1391 1420 1456 1514 jam
1478 1427 1580 1516 magia
1599 1425 1748 1495 electrica
1772 1430 1803 1498 in
1821 1432 1928 1505 a'e‘rem

410 1529 561 1601 altiorem
587 1521 778 1606 adscendit,
802 1517 901 1588 altera
931 1520 1039 1590 minus
1063 1518 1212 1590 eleilrica
1237 1517 1412 1601 densatur,
1447 1516 1639 1602 descendit,
1671 1523 1867 1613 vertiturque
1896 1531 1931 1600 in

412 1624 574 1718 pluviam,
600 1620 622 1690 h
647 1620 785 1710 primam
806 1613 979 1684 offendens
1003 1617 1124 1685 nubem
1148 1638 1219 1687 non
1251 1613 1296 1684 sat
1317 1612 1533 1684 eleslrlcitatis
1560 1613 1719 1699 amiserit,
1745 1634 1781 1684 ut
1803 1619 1932 1691 descen-

415 1722 491 1801 dat,
515 1716 636 1787 deinde
661 1713 788 1805 aliquot
807 1708 879 1780 aliis
897 1729 1047 1781 occurrat
1074 1711 1235 1795 nubibus,
1260 1711 1455 1800 quibuscum
1481 1710 1689 1781 eleilricitate
1715 1717 1936 1786 communica·

414 1838 447 1889 ta
470 1812 664 1885 descendere
687 1810 819 1902 poterit.
867 1805 1036 1897 Praecipua
1059 1828 1168 1879 tamen
1197 1808 1318 1899 pluviae
1340 1807 1432 1877 causa
1457 1809 1544 1878 venti
1574 1805 1638 1875 elle
1669 1806 1842 1893 videntur,
1868 1830 1937 1882 tum

415 1910 452 1985 dc
474 1910 549 2003 ipsae
571 1908 673 1979 causae
697 1923 896 1988 ventorum,
927 1904 1011 1974 inter
1035 1924 1114 1994 quas
1139 1904 1185 1973 esl
1208 1902 1452 1982 efferveaeentia
1478 1906 1513 1973 in
1534 1905 1609 1972 a'e‘re
1633 1900 1778 1972 suscitata
1807 1925 1825 1973 a
1856 1909 1937 1977 mix·

415 2011 457 2079 tis
476 2004 639 2078 nonnullis
663 2001 839 2086 exhalaris3
866 1995 902 2070 ἀ
925 1997 1020 2088 ideo,
1038 2001 1171 2091 quando
1185 2000 1259 2092 post
1277 2001 1468 2091 meridiem,
1493 1999 1546 2069 vel
1558 1999 1613 2067 die
1627 1997 1869 2089 vesperascente
1883 2023 1937 2074 ca·

413 2104 466 2175 lor
487 2100 707 2189 atinosphaerae
732 2096 929 2179 intenditur,
954 2095 1150 2186 plerumque
1173 2097 1319 2185 sequenti
1343 2097 1415 2178 die,
1442 2093 1477 2164 lie
1504 2097 1604 2163 nofle
1626 2093 1729 2182 pluit,
1759 2118 1937 2191 regnatque

414 2194 604 2285 tempestas:
634 2193 832 2284 vespertinus
855 2209 966 2260 autem
987 2193 1080 2256 calor
1101 2192 1144 2252 ab
1167 2191 1243 2254 aere
1264 2189 1330 2274 jam
1351 2189 1582 2258 effervescente
1598 2192 1719 2270 oritur,
1745 2213 1847 2282 aquo
1861 2216 1938 2266 ven·

412 2296 457 2375 ai,
481 2287 517 2359 δι
540 2288 664 2376 pluvia:
688 2292 777 2358 venti
793 2303 905 2350 autem
921 2279 1059 2364 pluviosi
1071 2277 1300 2373 observantur,
1332 2302 1379 2350 ιο.
1405 2285 1484 2370 qui,
1505 2282 1653 2355 deorsum
1669 2288 1703 2356 in
1721 2289 1841 2357 nubem
1860 2290 1938 2361 llan-

411 2408 480 2470 tes,
506 2403 578 2451 earn
601 2374 822 2455 condensam,
847 2372 1087 2444 electricitatem
1108 2373 1291 2464 abripiunt,
1316 2378 1492 2458 minuunt,
1519 2376 1699 2462 tolluntve,
1724 2403 1824 2468 atque
1848 2387 1880 2454 ln
1902 2407 1939 2455 u·

409 2486 546 2555 nionem
569 2491 710 2562 vapores
740 2485 880 2562 cogunt.
906 2475 957 2536 αθ.
990 2467 1043 2538 vel
1069 2470 1125 2557 qui
1158 2470 1263 2539 nubes
1286 2469 1459 2559 vaporosae
1492 2490 1534 2539 ex
1562 2492 1689 2542 occano
1716 2478 1868 2549 oriundas
1897 2481 1938 2552 ad

412 2578 585 2668 Regiones
611 2563 772 2639 terrestres
796 2561 1008 2652 provehunt,
1040 2563 1230 2656 pelluntque
1254 2568 1288 2636 in
1310 2583 1408 2635 terras
1428 2565 1596 2657 elevatas,
1629 2588 1787 2657 montes,
1817 2574 1938 2662 sylvas,

415 2671 591 2742 efficientes
614 2664 680 2733 hoc
700 2659 826 2749 modo,
849 2680 886 2729 ur
909 2659 1098 2730 elesiricitas
1119 2663 1256 2732 nubium
1280 2661 1433 2753 perdatur
1459 2666 1493 2732 io
1520 2666 1643 2733 attaiiis
1663 2670 1877 2756 corporibus;
1903 2673 1937 2743 hi

411 2764 518 2839 modo
532 2763 619 2832 venti
634 2760 739 2830 nubes
757 2759 791 2827 in
804 2755 947 2847 pluviam
961 2773 1100 2850 cogunt:
1122 2756 1197 2826 ideo
1213 2760 1247 2825 in
1263 2757 1420 2827 montohs
1436 2759 1623 2848 regionibus
1639 2761 1711 2846 plus
1719 2763 1822 2848 pluit,
1838 2788 1936 2852 quarn

412 2868 447 2934 in
462 2859 586 2952 planis,
612 2857 659 2928 utl
675 2851 784 2925 multis
799 2851 1076 2924 observationibus
1087 2849 1205 2921 adstrui
1223 2850 1344 2941 polleat
1369 2853 1402 2919 in
1421 2851 1594 2920 Britanniae
1613 2851 1780 2922 Provincia
1796 2856 1938 2929 Laneus·

393 2962 496 3039 tria,
520 2956 591 3025 altis
613 2952 752 3022 scatente
771 2950 960 3032 montibus,
985 2948 1162 3019 secundum
1187 2947 1364 3032 Townleyi
1387 2943 1580 3030 observata,
1612 2951 1785 3037 quotannis
1814 2954 1940 3025 circiter

416 3077 458 3145 41
489 3050 626 3143 pollices
656 3047 775 3137 pluviae
804 3045 954 3129 cadunt,
989 3066 1065 3117 cum
1089 3043 1279 3117 observante
1306 3039 1479 3112 Derhamo
1502 3062 1625 3113 tanturn
1665 3063 1731 3134 19,
1756 3066 1776 3137 5
1803 3047 1941 3138 pollices

412 3146 614 3242 Upminlleri
629 3143 842 3237 colliguntur.

465 3259 515 3350 3⁶.
540 3251 829 3350 Quemadmodum
851 3270 981 3322 montes
1004 3252 1146 3323 nubibus
1171 3250 1337 3332 resiliunt,
1362 3255 1405 3323 ita
1427 3255 1514 3325 venti
1536 3251 1714 3324 direetione
1735 3253 1861 3324 adversa
1876 3255 1937 3344 spl·
1951 3247 1958 3315 -'

414 3376 521 3429 rantes
545 3353 651 3422 nubes
675 3351 923 3437 comprimunt·;
959 3348 1036 3418 ideo
1061 3351 1094 3418 in
1119 3349 1259 3418 Oceano
1284 3347 1492 3439 AEthyoplco
1514 3371 1533 3420 e
1561 3354 1695 3446 regione
1726 3348 1865 3421 Guincae
1890 3351 1936 3424 est

414 3452 506 3521 locus
522 3447 759 3529 blalaciarum,
785 3447 819 3514 in
833 3467 901 3532 quo
917 3443 1037 3515 adversr
1062 3444 1166 3516 indies
1191 3463 1327 3539 regnaut
1349 3449 1455 3531 venti,
1480 3449 1536 3536 qui
1557 3449 1660 3517 nubes
1685 3448 1726 3516 ab
1748 3451 1837 3517 omni
1857 3447 1936 3518 late-

415 3567 450 3616 rc
478 3544 669 3622 advehunt,
698 3541 915 3626 opprimunt,
946 3539 1186 3625 efficiuntque,
1217 3563 1255 3605 ut
1280 3546 1435 3608 urceatim
1462 3545 1581 3611 imbres
1612 3543 1770 3611 interdum
1799 3543 1934 3615 cadant:

415 3638 587 3731 postquam
609 3641 644 3704 in
665 3631 717 3701 his
743 3630 932 3724 regionibus
956 3651 1070 3701 ventus
1090 3632 1203 3721 aliquis
1225 3633 1348 3713 saeviit,
1379 3653 1434 3704 aut
1459 3634 1627 3703 diuturnus
1649 3632 1734 3713 suit,
1760 3633 1794 3703 dt
1819 3638 1860 3704 ab
1880 3639 1935 3707 ad·

416 3733 508 3806 verso
532 3730 572 3800 ad
598 3732 742 3819 quietem
766 3726 953 3807 reducitur,
979 3728 1083 3796 nubes
1106 3729 1304 3798 intermediae
1329 3727 1382 3799 ab¹
1397 3750 1539 3817 utroque
1558 3727 1772 3818 compressa,
1806 3730 1841 3799 in
1865 3730 1937 3819 plu·

413 3836 497 3903 viam
520 3827 703 3913 solvuntur3
727 3824 892 3916 praecipue
914 3821 947 3890 id
971 3821 1027 3913 lit,
1052 3844 1128 3892 cunr
1146 3823 1295 3896 adversus
1317 3843 1431 3897 ventus
1449 3823 1624 3916 praevalere
1645 3827 1788 3915 incipit,
1813 3826 1935 3899 nubes·

414 3948 479 4019 que
503 3923 633 3997 revehit.

462 4058 515 4127 4⁰·
541 4032 629 4124 Quia
651 4052 692 4100 ex
715 4028 854 4101 Oceano
878 4030 1025 4121 plurimae
1048 4030 1213 4124 vaporosae
1245 4033 1350 4103 nubes
1380 4032 1587 4118 sonnantur,
1619 4035 1706 4106 venti
1730 4033 1799 4104 illas
1822 4036 1862 4106 ab
1884 4034 1933 4106 O·

412 4155 517 4208 ceano
543 4129 585 4200 ad
607 4130 758 4224 Belgium
791 4128 1013 4220 propellentes
1043 4134 1207 4219 praecipue
1236 4131 1372 4219 pluviosi
1404 4130 1502 4214 sunt,
1533 4151 1610 4199 cunr
1639 4127 1693 4198 alii
1724 4134 1810 4200 venti
1840 4133 1931 4221 supra

414 4232 636 4300 continentem
659 4225 839 4316 spirantes,
874 4227 1043 4315 nubesque
1069 4227 1143 4296 inde
1171 4226 1394 4309 advehentes,
1426 4249 1499 4296 raro
1522 4225 1658 4315 pluviosi
1687 4225 1794 4295 saltem
1826 4232 1932 4302 ninus

411 4324 539 4395 humidi
558 4320 790 4395 observantur:
825 4341 867 4392 ex
891 4325 1156 4394 annotationibus
1189 4322 1314 4412 aliquot
1342 4342 1499 4392 annorum
1535 4319 1702 4411 tumjear
1733 4326 1813 4393 intra
1843 4323 1930 4398 idem

420 4438 543 4509 tempus
565 4419 700 4508 pluviosi
722 4418 854 4490 fuerunt
879 4418 1017 4490 Favonii
1044 4441 1135 4510 203,
1161 4417 1264 4488 Africi
1295 4437 1381 4509 135,
1407 4418 1514 4487 Austri
1542 4417 1607 4501 61,
1633 4416 1713 4487 Euri
1742 4439 1805 4510 27,
1838 4421 1929 4492 Sola·

421 4514 457 4581 ni
485 4533 551 4600 32,
575 4513 756 4601 Aquilones
784 4535 852 4606 29,
875 4516 991 4586 Boreae
1019 4535 1089 4608 54,
1115 4514 1215 4586 Cauri
1242 4514 1300 4585 61.
1350 4513 1402 4584 Ex
1427 4515 1563 4584 Oceano
1597 4513 1795 4586 Germanico
1822 4517 1928 4591 afflant

418 4607 555 4677 Favonii
580 4606 661 4675 adeo
684 4609 840 4697 pluviosr:
865 4615 982 4700 partim
1003 4634 1043 4683 ex
1064 4612 1225 4695 Ocean0,
1251 4614 1366 4701 partim
1388 4633 1429 4680 ex
1453 4610 1648 4701 amplissimis
1673 4612 1760 4684 olllls
1783 4613 1925 4702 Scaldis,

415 4701 548 4782 Mosae,
571 4699 681 4771 Rheni
702 4703 808 4776 afflant
834 4707 953 4794 Astlci,
979 4709 1054 4780 ideo
1078 4712 1173 4780 etiarn
1198 4708 1347 4789 huuridi:
1379 4708 1514 4794 Boreae,
1537 4706 1570 4780 ἃ
1595 4710 1722 4796 Cauri,
1756 4715 1830 4803 quia
1855 4713 1925 4783 sunt

414 4795 553 4889 srigidi,
583 4818 650 4866 non
675 4797 759 4869 adeo
783 4803 927 4892 copiosas
951 4808 1054 4877 nubes
1082 4806 1274 4892 advehunt,
1307 4805 1384 4877 hinc
1409 4811 1513 4880 minus
1540 4806 1690 4893 humidi,
1724 4807 1778 4881 sed
1803 4809 1925 4896 semper

412 4892 570 4990 pondus,
596 4913 652 4967 aut
672 4893 889 4974 elaliicitateur
912 4903 979 4978 aeri
998 4903 1170 5001 inspiranq,
1195 4907 1242 5074 ult<i
1269 4923 1309 4973 ex
1333 4903 1483 4979 adscensu
1506 4903 1665 4985 Mercurii
1682 4910 1718 4980 in
1733 4906 1925 5065 Βιιιῖιιηειιο

1251 5001 1344 5079 kik
1367 5006 1419 5084 kk
1444 5027 1466 5079 2
1821 5000 1920 5086 'huet‘
