4992 6767
568 604 677 698 ns.
725 557 1038 690 sturno
1098 597 1187 685 IN
1244 597 1610 687 nonsart.
1768 611 1864 723 ,gp

321 812 526 892 rltitiidineiu¹
549 826 602 896 ¹4·
630 798 790 894 pollicum
817 799 915 926 tinisa
935 796 1017 886 fuit,
1041 817 1111 868 non
1132 796 1285 881 ulterius,
1311 796 1387 866 licet
1409 797 1554 890 quinque
1574 795 1737 871 mensibus
1760 801 1855 896 elap-

370 1010 477 1082 Tertia
505 1002 650 1095 objcdiio
672 994 847 1081 refellitur,
871 1014 938 1067 non
964 991 1032 1063 dari
1058 990 1252 1063 fluiditatem
1284 992 1350 1063 line
1383 1011 1474 1063 certo
1523 994 1600 1065 radu
1631 994 1763 1083 caloris,
1788 996 1850 1068 dor

320 1101 560 1182 monstrandum
582 1097 668 1170 soret
689 1098 722 1166 in
742 1094 852 1176 A'c‘ie,
878 1092 960 1163 oleis
979 1092 1131 1161 omnibus
1154 1089 1331 1172 slillatit'iis,
1358 1088 1479 1180 Spiritu
1498 1015 1576 1161 {lini
1590 1091 1743 1175 aetherio,
1770 1093 1844 1183 Spi-

321 1208 382 1278 ritu
401 1198 491 1274 Nitri
514 1196 680 1277 fumante,
707 1189 774 1262 oie.
794 1187 950 1279 qualibet
969 1208 1047 1258 vero
1070 1189 1168 1275 copia
1191 1189 1294 1281 ignis,
1319 1208 1387 1257 non
1411 1191 1499 1286 ¹enini
1520 1192 1707 1260 memoraris
1729 1188 1848 1261 fluidis

319 1304 429 1398 ignem
454 1294 552 1368 inesse
578 1315 619 1366 ne
661 1311 761 1371 mus,
793 1306 860 1357 nori
889 1283 1002 1376 potest'
1018 1305 1226 1353 commovere
1254 1304 1360 1373 partes
1382 1280 1556 1356 fluidorum
1574 1306 1687 1372 anam
1710 1308 1746 1357 ut
1771 1309 1844 1358 mo.

319 1418 412 1484 neat,
438 1390 562 1466 necesse
589 1411 608 1459 e
660 1388 807 1478 superate
830 1386 969 1472 partium
995 1384 1210 1475 gravitatem,
1244 1382 1412 1468 attritum,
1448 1378 1568 1454 &vim
1590 1383 1705 1473 quase
1729 1404 1846 1456 mutuo

320 1495 470 1567 trahunt:
495 1489 529 1561 id
553 1486 727 1577 nequidem
752 1482 835 1576 ignis
858 1476 993 1550 a-Luna
1018 1477 1190 1567 replicatus
1213 1480 1246 1546 iii
1273 1498 1409 1562 terram,
1435 1476 1470 1549 δι
1494 1479 1626 1569 speculo
1648 1479 1769 1552 ustorio
1786 1502 1842 1552 eii-

318 1611 435 1684 ceptus
462 1611 501 1660 ac
529 1581 742 1658 condensatus
774 1576 922 1667 praestare
950 1574 1057 1666 potest
1090 1577 1123 1644 in
1158 1575 1312 1656 Aircm,
1351 1576 1575 1646 immobilitate
1603 1576 1846 1649 Themmmetri

320 1685 541 1764 Drebbeliani
560 1682 630 1752 lioc
650 1680 838 1760 evincente,
859 1672 1091 1743 multominus
1115 1673 1244 1760 parcior
1267 1673 1353 1765 ignis
1377 1674 1472 1761 copia
1491 1672 1557 1743 hoc
1582 1677 1615 1743 in
1641 1673 1711 1743 aliis
1736 1673 1859 1745 fluidis.

319 1782 499 1879 piaestabit3
526 1779 633 1851 saltem
655 1796 723 1846 non
749 1776 783 1841 in
809 1770 910 1860 oleis,
936 1768 998 1839 sive
1019 1766 1189 1858 expressis,
1216 1768 1336 1837 sivein
1361 1767 1469 1837 multis
1495 1768 1676 1855 llillatitiis,
1703 1792 1845 1860 quoruin

321 1900 428 1975 partes
459 1877 689 1965 Micioscopio
719 1869 868 1961 spedista
900 1869 1072 1958 quiescunt
1089 1914 1112 1950 ,-
1134 1863 1263 1936 accedit
1288 1863 1380 1955 quod
1412 1862 1513 1936 fluida
1544 1885 1650 1937 emata
1683 1866 1742 1937 fin,
1766 1888 1844 1939 ,me

319 1984 431 2077 ignem
456 1975 600 2046 tradente
626 1966 724 2041 Mose
749 1965 842 2060 (a).

371 2094 423 2164 40.
449 2070 554 2167 Quod
576 2068 755 2139 solutiones
776 2082 954 2153 corporum
976 2063 1009 2129 in
1035 2058 1146 2131 fluidis
1167 2060 1308 2142 attinet,
1338 2079 1463 2131 certum
1492 2061 1537 2131 est
1570 2060 1745 2134 solutiones
1777 2083 1860 2135 nont

319 2169 438 2266 perfici
463 2171 528 2240 fine
550 2187 673 2251 motu,
712 2164 780 2234 imo
815 2180 942 2230 motum
975 2158 1057 2247 sapa
1082 2158 1137 2227 diu
1168 2156 1334 2247 perstate,
1365 2157 1465 2228 veluti
1490 2179 1549 2249 per
1580 2158 1845 2250 Illicroscopium

322 2267 484 2360 spectanti
507 2264 616 2335 Alocn
642 2266 675 2331 iii
707 2255 932 2347 Spiritu-Vini
964 2274 1112 2325 recenter
1136 2252 1271 2322 solutam
1300 2253 1507 2326 amaenissimo
1538 2254 1721 2343 speciaculo
1745 2273 1847 2347 appa·

321 2388 388 2438 ret:
415 2365 479 2435 Sed
503 2383 612 2432 motus
643 2359 776 2428 aliarum
806 2353 1004 2423 solutionum
1027 2373 1095 2422 noti
1128 2352 1246 2440 probat
1276 2349 1417 2421 eundem
1446 2356 1478 2423 in
1508 2350 1610 2422 fluido
1635 2350 1756 2437 suilie,
1789 2375 1846 2423 an·

322 2483 451 2552 tequam
480 2458 611 2528 alterius
643 2453 791 2541 corporis
825 2448 1022 2520 menstruum
1051 2467 1118 2518 erat
1148 2444 1310 2517 affusum:
1353 2446 1515 2539 injiciatur
1549 2452 1637 2519 enim
1669 2447 1861 2522 llletallum.

321 2557 494 2629 menli'ruo·
511 2551 722 2641 quiescenti,
754 2566 834 2613 mox
856 2551 956 2613 oritur
975 2543 1244 2625 effervescentia,
1277 2543 1361 2633 saepe
1383 2544 1671 2629 vehementissima,
1697 2566 1773 2619 cum
1797 2550 1861 2619 jn..

322 2657 403 2748 ligni
429 2650 539 2739 spuma
565 2642 601 2712 δι
622 2661 743 2733 magno
766 2640 892 2727 calore:
917 2636 1150 2704 absurdissimus
1172 2641 1290 2705 merito
1309 2639 1499 2725 haberetur,
1525 2644 1582 2731 qui
1607 2642 1703 2712 talem
1721 2644 1847 2714 violen.

287 2803 291 2808 .
322 2770 393 2820 tuin
419 2762 547 2813 motum
568 2756 664 2807 antea
685 2738 719 2801 in
741 2730 791 2799 his
814 2727 980 2798 menstruis
1004 2729 1095 2796 fuisse
1114 2731 1347 2814 contenderet,
1374 2754 1449 2804 cuni
1480 2756 1604 2805 tanturn
1625 2741 1746 2821 oritur,
1772 2744 1863 2826 quiat

321 2840 520 2915 menstruum
544 2832 579 2903 ὅ(
604 2824 769 2900 metallum
793 2820 957 2893 fortissime
987 2821 1018 2891 se'
1044 2820 1191 2902 trahunt,
1216 2823 1398 2910 repellunt,
1425 2829 1566 2912 solvunt,
1591 2850 1784 2920 motumque
1799 2836 1849 2902 in·

322 2961 407 3012 terea
430 2936 587 3005 excitant:
614 2925 737 2994 Verum
764 2940 927 2989 merentur
956 2917 1085 3000 uideri,
1118 2939 1191 3007 quae
1223 2919 1310 2986 circa
1336 2917 1519 3008 hujusmodi
1548 2918 1724 2991 solutiones
1757 2946 1855 3018 egre..

323 3041 395 3134 gius
419 3031 591 3104 Beccaiius
616 3019 799 3102 adnotavit,
825 3015 942 3107 quaeil
968 3016 1040 3104 quis
1063 3035 1159 3103 aequo
1184 3014 1295 3082 animo
1316 3017 1545 3105 perpenderit,
1574 3015 1750 3089 fluidorum
1774 3040 1849 3111 par·

322 3154 371 3205 tts
395 3151 463 3202 non
488 3126 623 3215 semper
637 3112 812 3189 necessario
837 3115 960 3183 moveri
985 3109 1171 3180 concludet.

365 3211 444 3316 ¹Nec
463 3219 584 3312 aliquid
605 3216 782 3296 evincitur,
810 3206 1025 3301 supponendo
1039 3226 1144 3297 partes
1164 3205 1341 3278 fluidorum
1365 3206 1439 3279 sese·
1453 3230 1522 3281 nori
1548 3214 1764 3308 contingere,
1789 3211 1845 3284 sed

322 3327 463 3409 dislate,
490 3318 531 3391 dc
552 3311 774 3405 interpofitum
798 3306 862 3377 elie
894 3304 980 3375 aliud
1004 3303 1164 3388 fluidum,
1188 3305 1280 3395 quod
1302 3327 1481 3378 commune
1505 3308 1671 3379 uinculum
1696 3331 1764 3380 non
1791 3312 1848 3395 sit,

324 3426 378 3497 sed
400 3438 504 3515 partes
527 3433 634 3486 teneat
659 3407 832 3500 seiunctas,
857 3404 932 3474 ideo
955 3400 1052 3472 massa
1077 3400 1179 3471 fluida
1202 3403 1284 3484 erit,
1311 3408 1456 3492 quamvis
1484 3407 1589 3476 omnis
1614 3407 1697 3501 ignis
1732 3404 1845 3477 abfue-

316 3515 385 3603 rit,
409 3517 512 3590 niodo
536 3510 617 3580 illud
643 3505 729 3575 aliud
754 3500 894 3573 fluidum
913 3519 1020 3589 partes
1045 3520 1063 3565 a
1086 3497 1408 3586 partibussecemat.

374 3617 548 3708 Rogamus
575 3602 745 3693 quodnam
767 3599 805 3667 fit
822 3596 902 3665 illud
928 3593 1069 3664 fluidum
1095 3591 1288 3685 sejungens.
1324 3590 1363 3663 δι’
1383 3617 1423 3664 an
1448 3598 1700 3691 cognoscatur?
1724 3619 1847 3694 nequa·-

322 3736 447 3806 quam,
474 3705 527 3775 sed
549 3696 760 3789 hypothetice
784 3692 887 3763 modo
917 3688 1106 3771 assumitur,
1141 3691 1330 3779 quicunque
1360 3690 1599 3764 observationes
1624 3694 1849 3789 Microscopi·

318 3834 376 3884 cas
400 3810 432 3876 in
455 3802 563 3872 multis
590 3792 701 3866 fluidis
724 3787 820 3871 facit,
845 3787 928 3856 hanc
954 3784 1139 3855 sententiam
1163 3804 1329 3874 nunquam
1347 3788 1582 3881 ‹ampleeieturt
1609 3789 1654 3860 Et
1681 3815 1722 3863 an
1744 3790 1847 3889 srigtis

324 3906 360 3978 δι
388 3902 463 4001 gelu
485 3894 565 3967 illud
591 3888 731 3963 fluidum
759 3883 926 3954 secernens
941 3901 993 3951 -ert
1015 3879 1110 3950 malla
1144 3878 1246 3950 fluida
1271 3883 1433 3971 expellit,
1464 3907 1539 3956 cum
1568 3885 1687 3974 Cera,
1712 3886 1772 3959 Piii
1797 3910 1847 3959 re-

322 4001 388 4075 snsa
413 3996 447 4068 δι
473 3992 575 4067 fluida
600 4011 619 4059 a
643 3984 764 4077 frigore
789 3979 1000 4051 solidescunt:
1025 3998 1081 4047 aut
1106 3980 1224 4066 Aqua,
1251 3981 1349 4069 Aqua
1373 3984 1514 4068 marina,
1539 3982 1684 4072 Vinum,
1709 3986 1847 4078 Spiritus

322 4098 422 4182 Vini,
446 4094 606 4173 Acetum,
632 4082 769 4172 Spiritus
793 4079 890 4148 Aceti
916 4097 936 4146 a
961 4073 1037 4170 gelu
1057 4076 1090 4145 in
1112 4074 1249 4170 glaciem
1274 4077 1461 4148 vertentur?

369 4223 400 4322 ς.
424 4213 612 4292 MCCXL.
638 4210 673 4281 Si
697 4204 793 4278 massa
815 4202 919 4316 fluida
939 4219 1157 4316 componatur
1172 4205 1409 4293 expatticulis,
1433 4226 1649 4295 quae-omnes
1673 4207 1744 4280 sunt
1760 4209 1844 4303 ejus·

321 4324 395 4396 dem
422 4318 543 4390 ordinis
568 4312 601 4401 §.
626 4308 690 4400 98.
713 4300 748 4374 δι
773 4300 1023 4397 magnitudinis,
1048 4317 1108 4369 erit
1134 4295 1275 4371 fluidum
1300 4301 1543 4399 homogeneum
1570 4300 1764 4396 &putum

367 4442 398 4539 i.
424 4435 628 4511 iiiccxui.
654 4434 688 4505 si
713 4455 792 4505 vero
816 4437 1034 4524 componatur
1057 4452 1098 4502 eii
1121 4432 1289 4521 particulis
1314 4432 1424 4503 diversi
1449 4435 1599 4521 ordinis,
1633 4436 1693 4506 erit
1716 4433 1845 4514 hetero-

319 4560 461 4639 geneum
484 4532 519 4606 ἃ
543 4538 724 4624 impurumt
749 4529 889 4623 proinde
914 4552 957 4601 eo
979 4532 1114 4621 propius
1144 4528 1185 4599 ad
1210 4529 1454 4625 homogeneum
1489 4532 1645 4627 accedet,
1679 4554 1748 4625 quo
1771 4538 1844 4628 plu·

316 4659 373 4713 res
397 4631 559 4725 particula
594 4632 690 4702 unius
723 4628 847 4708 ordinis
877 4646 979 4702 tottiu
1013 4624 1143 4700 madiam
1172 4627 1406 4705 tonllimerint.
1465 4630 1654 4728 Ignorainus
1676 4653 1718 4707 aa
1742 4630 1847 4706 fluida

312 4833 314 4838 Ι
393 4870 455 4966 Ι(ι)
474 4881 625 4952 Grueseoi
645 4883 720 4966 cap,
735 4882 765 4967 i<

1120 4958 1191 5063 Q‘l
1214 4988 1237 5059 ‘l
1264 4984 1304 5061 3>

1729 4730 1866 4819 homor
