4992 6767
850 663 988 756 nrt
1127 661 1527 759 tortu*
1728 660 1927 792 *nra

425 881 427 886 ·
468 921 479 943 .
503 848 710 943 MDOEN.
735 854 977 956 Quooorpora
992 860 1152 936 difficilius
1165 865 1356 960 igniuntur,
1380 861 1573 954 plerumque
1597 885 1641 938 eo
1665 864 1788 941 diutius
1811 872 1922 967 ignem

529 986 558 1035 tt
581 982 650 1055 quo
674 961 822 1056 gravitua
845 955 1032 1031 &duriora
1054 958 1318 1052 sunt-corpora,
1345 980 1395 1030 eo
1419 958 1580 1033 difficilius
1604 965 1799 1059 igniuntur,
1825 971 1925 1041 veluti

402 1065 556 1145 Ferrum,
581 1057 671 1142 AEs,
696 1055 802 1142 Saxas
826 1054 882 1127 sed
901 1055 973 1128 hec
991 1077 1124 1148 quoque
1138 1055 1309 1129 diutillime
1333 1059 1443 1151 ignem
1469 1056 1674 1131 custodiunt:
1701 1059 1801 1133 Creta
1818 1084 1927 1138 tamen

458 1178 533 1252 pter
557 1157 707 1228 alborem
729 1154 877 1226 omnium
907 1152 1096 1225 difficillime
1122 1154 1271 1249 igtitur,
1303 1173 1445 1243 eumque
1477 1153 1549 1226 satis
1573 1159 1642 1227 cito
1666 1159 1810 1229 amittit:
1844 1157 1927 1255 Quo

480 1275 517 1326 ra
544 1252 618 1325 sunt
643 1270 809 1344 corpora,
834 1270 878 1324 eo
901 1252 996 1322 citius
1016 1252 1094 1346 igne
1117 1250 1299 1320 orbanturr
1324 1249 1400 1322 hinc
1426 1254 1496 1323 Aer
1520 1273 1624 1345 ocyus
1648 1254 1792 1327 calorem
1815 1258 1925 1348 perdit

398 1373 498 1446 quam
525 1349 691 1424 Alcohol:
715 1347 781 1418 hoc
803 1350 899 1419 cinus
922 1370 1018 1438 quarn
1040 1348 1158 1440 Aqua:
1180 1367 1324 1420 attamen
1349 1368 1392 1420 ex
1415 1347 1618 1440 Mercurio,
1643 1352 1764 1426 edamli
1788 1352 1930 1452 gnviffi·
1995 1365 1998 1376 '

397 1471 479 1537 mo,
504 1451 591 1545 ignis
614 1444 791 1519 admodum
812 1444 962 1539 celeriter
984 1444 1103 1517 evolat.
1601 1509 1608 1518 ,
1650 1495 1654 1506 .

452 1607 486 1710 ς.
510 1604 702 1682 MDCXV.
726 1604 879 1699 Corpora
902 1602 1048 1696 ejusdem
1072 1606 1215 1677 mareriae
1239 1600 1276 1675 dr
1300 1604 1440 1702 figura,
1466 1626 1562 1698 eque
1583 1607 1784 1684 calentia&
1809 1615 1844 1686 in
1865 1635 1926 1688 eo·

403 1709 480 1784 dem
500 1705 632 1791 medio,
656 1703 775 1776 diutius
787 1706 896 1800 ignem
913 1701 1036 1773 servant
1044 1721 1071 1788 ,·
1079 1725 1148 1794 quo
1161 1702 1232 1773 sunt
1256 1701 1397 1794 majorat
1423 1703 1562 1777 celerius
1588 1708 1664 1803 igne
1689 1710 1846 1788 orbantur
1864 1713 1926 1781 mi·

403 1826 497 1881 nora.
547 1800 827 1880 nilamonem
856 1819 954 1870 renue
986 1796 1022 1869 dt
1046 1798 1146 1892 cratia
1177 1798 1331 1893 stridunt
1353 1801 1387 1870 in
1412 1803 1489 1894 igne
1512 1804 1737 1892 candescant„
1770 1805 1872 1893 simul,
1885 1826 1928 1884 ert

405 1909 414 1924 '
462 1924 481 1974 e
501 1902 641 1973 extrudis
663 1899 698 1970 in
720 1898 797 1978 aire
816 1895 1051 1989 suspendantur
1078 1896 1246 1987 separata3
1282 1915 1385 1984 ocyus
1413 1894 1507 1967 silum
1530 1899 1577 1970 est
1600 1900 1802 1995 frigesaeium
1829 1923 1928 1991 quam

402 1925 570 2072 fficium:
600 1997 848 2087 corporaenim
872 1995 1054 2066 iuratione
1080 1991 1320 2087 superficierum
1342 1995 1452 2088 ignem
1484 1998 1663 2080 amittunt,
1696 2020 1794 2089 quem
1821 2004 1928 2086 inra-

407 2099 499 2169 tione
516 2116 549 2166 m
614 2091 772 2166 itudinum
797 2090 1102 2186 comprehendunt:
1137 2087 1285 2187 Quando
1317 2110 1404 2160 anno
1443 2108 1545 2185 ¹737·
1577 2090 1736 2166 Vesuvius
1761 2101 1927 2168 materiam

402 2193 536 2290 ignitam
592 2188 722 2284 Lava)
745 2192 947 2273 evomebat,
972 2210 1047 2281 quae
1070 2187 1102 2258 ie
1125 2189 1158 2258 in
1183 2184 1433 2257 Carmelitamm
1458 2188 1687 2260 monasterium
1712 2192 1926 2281 infundebam

400 2289 472 2364 haec
503 2287 558 2360 16.
577 2287 692 2359 diebus
715 2285 820 2359 calida
843 2285 1007 2377 perstitit:
1033 2283 1103 2355 Ubi
1129 2302 1237 2353 autem
1262 2280 1365 2373 major
1388 2282 1458 2374 ejus
1481 2283 1541 2354 fuit
1565 2289 1662 2375 copia
1682 2290 1698 2367 ,'
1718 2292 1839 2361 etiamsi
1866 2290 1925 2361 sub

399 2367 489 2470 dio,
520 2383 603 2458 ultra
629 2381 773 2454 mensem
802 2383 917 2451 mansit
940 2379 1073 2462 calidu3
1107 2381 1176 2447 imo
1203 2375 1317 2468 elapfis
1350 2377 1405 2448 sex
1436 2380 1599 2452 mensibus
1624 2380 1735 2473 illapsa
1760 2385 1869 2473 pluvia
1892 2388 1928 2457 in

401 2477 519 2556 densos
539 2499 677 2572 vapores
700 2476 807 2546 adhuc
830 2478 872 2546 ab
896 2495 935 2546 ea
953 2478 986 2546 in
1001 2474 1108 2576 valtum
1132 2472 1326 2580 pellebatur.
1351 2474 1440 2642 (ap.
1490 2474 1657 2550 Ponuntur
1681 2478 1750 2550 duo
1767 2481 1923 2570 cylindri,

401 2584 581 2673 prismata,
605 2573 713 2658 cubi,
737 2570 790 2642 vel
813 2569 942 2662 sphaerae
967 2571 1112 2656 similes,
1143 2585 1238 2642 erunt
1264 2591 1378 2642 eorum
1412 2569 1585 2663 uperlicies
1610 2576 1656 2648 uti
1681 2577 1835 2666 quadrata
1860 2578 1927 2649 dia-

403 2692 605 2756 metrorum,
629 2664 868 2764 magnitudines
891 2685 998 2735 autem
1024 2668 1071 2734 uti
1090 2666 1167 2736 cubi
1189 2665 1439 2736 diametrorum:
1464 2669 1611 2760 Alicujus
1635 2671 1777 2763 Sphaerae
1802 2675 1834 2743 Α
1857 2675 1926 2745 dia·
2079 2754 2080 2758 Ἰ

406 2757 512 2840 r'n'erer
533 2766 570 2836 fit
596 2786 626 2836 r.
649 2761 768 2853 pedis:
800 2760 931 2831 alterius
955 2757 1096 2851 Spherae
1116 2757 1145 2829 B
1170 2759 1387 2846 diameterirt
1416 2782 1469 2830 ro.
1500 2765 1644 2852 pedum:
1676 2788 1770 2837 erunt
1795 2766 1928 2856 superli-

405 2867 474 2936 cies
499 2867 546 2932 uti
578 2883 614 2930 r..
633 2858 674 2927 ad
704 2879 782 2926 roo.
831 2851 1016 2952 soliditates
1039 2858 1086 2925 uti
1109 2877 1138 2926 r.
1161 2854 1203 2953 ad
1227 2875 1339 2948 rooo.
1362 2854 1439 2926 ideo
1472 2855 1645 2950 sphaerall
1672 2862 1783 2931 decies
1806 2861 1929 2946 diutius

400 2957 515 3058 ignem
537 2953 688 3028 retinebit
712 2972 810 3043 quam
829 2952 873 3022 A.
933 2950 968 3021 Si
992 2947 1098 3020 nollra
1117 2946 1221 3050 Terra
1241 2949 1363 3046 globus
1394 2946 1517 3024 ferreus
1541 2953 1656 3039 soret,
1684 2955 1740 3027 bie
1760 2955 1806 3028 ad
1828 2959 1928 3034 rubo.-

400 3075 471 3128 rem
496 3053 642 3150 ignitus,
675 3045 795 3120 deinde
817 3046 875 3117 fibi
898 3043 1111 3133 commissus,
1133 3065 1296 3147 :tempore
1318 3062 1460 3138 50000.
1490 3069 1652 3126 annorum
1672 3051 1811 3141 caleret,
1829 3073 1929 3125 ame.

400 3173 499 3246 quarn
522 3150 612 3224 omni
637 3148 713 3242 igne
739 3144 919 3218 orbaretur.

399 3337 406 3354 ⁴
449 3307 482 3409 ᾗ.
506 3289 716 3381 MDCXVI.
741 3304 957 3377 Transeamus
977 3322 1064 3374 nunc
1085 3300 1128 3373 ad
1142 3300 1277 3393 aliquos
1295 3299 1416 3373 modos
1438 3300 1618 3400 colligendi
1634 3288 1757 3404 ignem.
1808 3303 1926 3403 Quan-

398 3410 449 3484 do
472 3428 613 3497 corpom
633 3405 753 3486 firma,
786 3403 892 3483 dura,
921 3398 1031 3482 fioca,
1055 3397 1212 3470 velociter
1236 3395 1273 3468 dt
1295 3419 1373 3469 eum
1397 3397 1502 3489 prelio
1527 3404 1701 3474 arietantur
1724 3406 1809 3476 inter
1830 3404 1863 3476 se
1888 3402 1924 3477 dt

402 3522 599 3583 attemntur,
623 3503 783 3590 incipiunt
805 3516 940 3588 tepere,
962 3494 1088 3566 caleret
1112 3496 1306 3565 continuato
1330 3491 1367 3563 or
1390 3496 1486 3564 aneio
1510 3500 1620 3570 atrita
1643 3502 1793 3571 increscit
1806 3500 1923 3597 aeiios3

401 3603 511 3675 donec
536 3597 666 3667 tandem
690 3613 831 3683 corpora
854 3589 1066 3673 candescant,
1089 3589 1143 3658 vel
1166 3587 1425 3672 inflammentur,
1451 3590 1475 3658 fi
1501 3593 1610 3685 ignem
1634 3594 1721 3663 alere
1744 3616 1875 3685 queant.

428 3693 587 3788 ligna,
621 3691 768 3782 inprimis
797 3688 952 3766 duriora,
984 3683 1054 3755 solo
1073 3686 1183 3754 attritu
1216 3681 1437 3755 incenduntur
1469 3684 1557 3781 (b).
1608 3686 1682 3759 lndi
1712 3687 1839 3785 lignum
1867 3716 1922 3768 ro-

403 3790 554 3864 tundum·
572 3788 605 3857 in
628 3786 792 3877 cuspidem
815 3782 962 3854 desinens
982 3782 1016 3852 in
1040 3800 1121 3851 cavo
1140 3779 1208 3848 sinu
1223 3778 1354 3852 alterius
1369 3778 1518 3852 celeriter
1532 3785 1803 3874 circumvertunr‚
1828 3809 1922 3864 uren·

400 3910 451 3961 res
473 3886 566 3980 ligno
589 3882 680 3954 Ferri
693 3882 766 3953 'five
788 3876 1009 3966 syderoxuo,
1031 3874 1288 3966 incendiumque
1309 3875 1585 3953 excitante-Hinc·
1604 3882 1921 3974 quoqueSylvarum

396 3981 575 4060 incendia,
610 3999 684 4050 cum
705 3999 726 4048 a
747 3978 849 4050 ventis
878 3971 993 4045 densaev
1011 3972 1234 4045 crebritatibus
1257 3973 1392 4045 arbores
1412 3977 1540 4070 agitate
1563 3981 1648 4050 inter
1670 3977 1704 4050 se
1734 3998 1842 4057 terum
1867 4005 1917 4057 rae

399 4101 474 4154 mos
531 4100 549 4148 C
582 4122 592 4144 ο
638 4135 640 4140 .
770 4115 808 4141 '·
963 4133 965 4138 ·
1051 4147 1057 4161 .
1264 4145 1268 4153 .
1489 4119 1492 4124 ’
1904 4101 1913 4125 ,

400 4074 596 4249 urreienia
627 4168 773 4241 obtusior
805 4165 961 4256 chalybea
998 4163 1145 4236 celeriter
1176 4167 1368 4237 circumacta
1399 4168 1433 4237 in
1465 4164 1549 4238 duro
1580 4166 1671 4264 ligno
1702 4172 1911 4248 vehementer

400 4270 586 4343 incalescit:
620 4265 808 4337 Rohaultus
838 4264 951 4334 sermm
982 4284 1040 4352 per
1073 4263 1189 4331 durum
1221 4261 1345 4357 lignum
1374 4262 1541 4333 celerrime
1574 4268 1782 4362 reciprocans
1799 4319 1811 4356 ,
1826 4347 1834 4360 ‚¹
1848 4292 1920 4343 earn

399 4364 560 4440 incaluisse
575 4414 591 4452 ,
605 4423 610 4430 .
625 4363 844 4454 odoremque.
861 4381 909 4445 ex,
934 4358 1084 4431 ambusto
1115 4358 1208 4454 liguo
1234 4357 1268 4429 se
1297 4358 1475 4451 percepisse
1498 4355 1616 4454 pro'dir.
1667 4353 1805 4438 Ferrum
1828 4364 1921 4459 supra

1355 4514 1358 4518 .
1828 4528 1833 4543 ι
1872 4487 1920 4539 m·

461 4655 537 4807 ὅ)
560 4732 740 4793 Aristoteles.
761 4735 869 4805 Liba.
891 4732 928 4791 de
949 4735 1038 4794 Celo.
1077 4734 1194 4824 Seneca¹
1207 4729 1241 4792 L.
1260 4748 1288 4792 a.
1312 4730 1345 4809 (ξ.
1362 4733 1410 4805 μ’.
1431 4738 1470 4819 Q
1493 4734 1563 4803 N...
1600 4793 1605 4803 Ι

476 4810 948 4888 (t)Lucretiur1.r.V.896.
988 4811 1138 4874 Vitruvius
1158 4811 1269 4872 brba.
1291 4808 1430 4887 Capru
1505 4847 1509 4852 -
1589 4873 1593 4880 ,
1745 4835 1749 4878 ;

1272 4929 1457 5024 obus·
1642 4947 1656 4958 ·“

517 4656 533 4728 )
552 4654 721 4732 Philosopb.
736 4654 884 4716 Transaib
903 4654 958 4715 No.
974 4667 1042 4728 455.
1063 4669 1127 4731 pag.
1147 4666 1217 4728 ης.
1237 4643 1369 4727 Histoire
1383 4651 1424 4716 du
1440 4631 1659 4724 Moutllrl'are
1673 4643 1831 4739 pap-169,
