4992 6767
804 705 970 805 D!
1110 711 1527 838 A-Enu.
1846 706 1930 819 ἰ’-σι’

405 927 484 1016 rin,
508 921 543 992 ¹¹¹
556 912 659 1084 psum
686 907 794 1009 R‘gls
819 903 1095 1076 Galliffilenrici
1114 907 1232 1080 gem
1252 910 1394 1027 sclopeta
1415 912 1618 1027 pneumatica
1641 909 1808 1027 fabrefecit
1829 915 1926 1022 (a),

407 1019 530 1196 itit
759 1027 955 1177 titt,
977 1026 1083 1188 rat
1395 1007 1927 1182 irruuitrttriff

408 1214 551 1288 ltenaviae
576 1204 783 1299 spectandum
808 1200 1008 1273 exhibetur:
1039 1198 1129 1270 aliud
1153 1221 1351 1274 tormentum
1382 1203 1549 1276 Friderico
1573 1205 1723 1302 Augusto
1748 1201 1837 1302 Regi
1862 1204 1929 1278 Po·

408 1311 508 1383 laniae
529 1305 709 1386 oblatum,
740 1298 832 1391 quod
854 1296 975 1393 globos
1003 1288 1039 1362 rb
1065 1320 1099 1385 4.
1130 1298 1272 1368 elidebat
1301 1320 1377 1372 curn
1408 1305 1559 1392 impetu,
1593 1323 1660 1392 quo
1683 1299 1726 1372 ad
1746 1301 1928 1376 distantiam

408 1430 495 1501 400.
522 1403 667 1496 passuum
688 1395 802 1468 asseres
822 1393 968 1466 crassitiei
992 1389 1133 1463 duorum
1158 1393 1319 1485 pollicum
1342 1397 1550 1488 perforabant
1576 1397 1668 1491 (b).

462 1528 494 1628 ς.
520 1519 743 1601 MMCXlll.
775 1515 829 1590 Ex
854 1517 970 1586 iisdem
994 1517 1162 1608 principiis
1187 1517 1342 1608 explicari
1367 1517 1499 1610 possunt
1521 1521 1613 1590 vitrei
1637 1515 1848 1604 Urinatorer,
1871 1520 1931 1611 qus

401 1631 497 1714 ἀνί,
520 1627 602 1696 aeris
625 1620 734 1714 pleni,
758 1618 793 1688 in
812 1610 898 1706 pede
923 1609 1098 1703 perforati,
1122 1632 1216 1702 aquae
1239 1615 1423 1700 inurinant3
1451 1614 1507 1686 sed
1526 1611 1626 1688 olaus
1648 1617 1681 1686 in
1708 1613 1823 1710 lagena
1837 1637 1933 1706 aqua

408 1724 505 1816 plena
529 1721 736 1818 merguntur,
760 1710 814 1785 tel
832 1726 962 1782 enatant
982 1728 1044 1798 pro
1067 1707 1195 1793 lubitu;
1223 1709 1357 1796 quando
1379 1714 1474 1781 enirn-
1488 1714 1646 1802 premitur
1666 1733 1770 1803 aqua,
1794 1733 1868 1802 qua
1886 1709 1935 1781 est

410 1818 696 1922 ingulalagenae,
719 1829 802 1902 aqua
822 1802 1041 1898 perforamen
1062 1807 1096 1914 ip
1119 1803 1220 1894 pedes
1236 1801 1417 1874 Urinatoris
1439 1797 1640 1900 ingreditur,
1665 1808 1776 1878 a‘e‘rern
1800 1809 1834 1879 itt
1858 1828 1933 1880 cors·

410 1935 493 2008 pore
516 1913 736 2004 comprimit,
769 1903 923 1976 Urinator
949 1918 1039 1972 tanto
1063 1898 1283 1990 ponderosor·
1299 1896 1356 1981 fit,
1381 1905 1493 1989 quanti
1517 1899 1672 1991 ponderis
1696 1902 1743 1971 est
1767 1925 1852 1993 aqua
1874 1923 1937 1996 pe·

410 2012 487 2084 dem
510 2007 665 2108 ingressa,
690 2001 725 2076 dt
753 1999 890 2094 proinde
911 1997 979 2092 iant
1001 1994 1151 2088 specifice
1175 1995 1303 2092 gratim
1327 2015 1439 2084 aqua,
1463 1999 1641 2092 mergitur:
1667 1996 1721 2068 sed
1746 1995 1764 2067 s
1789 2000 1865 2093 gula
1887 1999 1935 2080 las

409 2129 502 2204 genae
523 2125 651 2178 remoto
675 2097 810 2194 pressu,
835 2097 890 2166 ner
918 2097 953 2167 in
983 2111 1125 2186 corpore
1147 2090 1336 2164 Urinatori's
1358 2091 1542 2164 elallicitate
1565 2093 1597 2162 se
1619 2093 1789 2186 explicat,
1813 2114 1933 2188 aquarn

408 2225 451 2275 ex
472 2214 558 2297 pede
579 2199 749 2291 exprimit,
777 2191 934 2264 Urinator
960 2189 996 2262 lit
1020 2187 1172 2282 specifice
1194 2188 1306 2260 letior.
1317 2208 1422 2280 aqua,
1449 2186 1484 2257 dt
1508 2208 1636 2260 enatat...

460 2325 492 2419 5·
526 2317 754 2400 MMCXlV.
788 2319 900 2385 Antlia
924 2311 1239 2401 oinopotaram·ett
1272 2310 1371 2378 tubus
1402 2314 1521 2380 vitreua
1544 2309 1689 2393 ΜΒ,
1715 2310 1807 2401 cujus
1830 2304 2066 2384 cautim

405 2423 435 2496 B
458 2420 621 2517 augustior
646 2416 714 2497 eil,
739 2412 902 2497 utrimque
923 2425 1083 2498 apertura·
1096 2407 1290 2498 imprimitur
1313 2406 1440 2477 eresbur
1464 2407 1560 2478 tubus
1583 2406 1673 2479 Vino
1697 2407 1935 2503 aliquousque,
1964 2386 2000 2440 '⁸'
2020 2383 2067 2431 ⁸¹*

410 2542 478 2592 turn
504 2514 579 2612 gula
598 2511 666 2603 eiua
690 2525 839 2580 accurate
862 2503 1022 2575 clauditur
1045 2502 1165 2594 pollice
1188 2499 1246 2586 D,
1273 2502 1448 2574 ernahitur
1473 2505 1569 2575 tubat
1590 2525 1631 2574 ex
1656 2502 1765 2585 Vino,
1790 2506 1882 2594 quod
1900 2507 1935 2579 in

410 2618 492 2686 tubo
520 2605 720 2699 suspenditur
744 2601 798 2672 ad.
810 2599 953 2692 aliquam
973 2597 1177 2671 altitudinem
1199 2600 1246 2670 uti
1258 2599 1300 2668 ad
1326 2597 1379 2684 C;
1405 2602 1529 2692 quippe
1553 2599 1683 2672 Vinum·
1702 2599 1760 2672 suo
1785 2599 1935 2691 pondere

411 2730 453 2780 ex
474 2703 801 2782 neminemnam
826 2699 1054 2790 premiturque
1065 2715 1226 2788 praetem
1236 2694 1387 2767 deorsum
1412 2698 1454 2766 ab
1479 2687 1663 2768 elallicitate
1687 2699 1791 2782 adria,
1812 2699 1870 2787 qui
1886 2694 1934 2769 est

412 2805 504 2896 supra
527 2804 636 2871 vinum
662 2800 747 2868 inter
770 2794 802 2865 C
826 2792 861 2864 dt
882 2791 945 2862 Dr
970 2814 1081 2864 verum
1111 2792 1241 2882 pondus
1274 2791 1542 2881 Atmosphaerae,
1572 2814 1645 2881 quar
1668 2792 1796 2863 orificio
1821 2792 1935 2864 caude

411 2902 440 2971 B
464 2900 594 2978 adstat,
619 2891 653 2962 δι
677 2890 796 2962 sursum
818 2891 964 2975 reprimit
986 2908 1141 2978 quantum
1164 2886 1345 2970 deorsum,
1370 2887 1499 2958 sullinet
1523 2886 1645 2958 Vinum
1671 2890 1704 2957 in
1730 2887 1800 2958 BC
1825 2884 1861 2957 &
1886 2907 1938 2958 re·

410 2996 488 3065 tillir
509 2991 629 3062 aaroni
651 2987 734 3057 aeris
756 2989 789 3054 in
814 2982 922 3068 CD,
947 2986 1003 3073 qui
1027 3005 1139 3074 pamm
1165 2984 1268 3052 rarior
1286 2980 1362 3064 eil,
1395 2984 1472 3051 ideo
1497 2982 1576 3051 nihil
1601 2986 1667 3054 vini
1691 3003 1733 3054 ex
1757 2982 1785 3054 B
1811 2979 1935 3070 effluit,
2056 2965 2069 3066 ⁸.

411 3091 468 3164 nifi
493 3105 623 3159 remoto
645 3081 767 3174 pollice
791 3076 827 3148 D
850 3081 906 3150 aer
931 3077 1086 3174 superiori
1105 3094 1196 3168 parte
1220 3075 1413 3159 accesserit,
1437 3075 1584 3147 deorsum
1611 3098 1763 3168 premens
1787 3077 1942 3166 Vinum,¹

412 3205 568 3278 qunntum
591 3177 799 3272 premebatur
820 3178 853 3245 in
876 3174 904 3244 B
927 3172 1076 3258 sursum,
1108 3172 1193 3243 adeo
1215 3192 1252 3242 ut
1272 3191 1342 3244 tum
1375 3171 1498 3244 Vinum
1524 3178 1656 3264 propria
1681 3177 1834 3269 gravitate
1860 3174 1935 3246 dea·

412 3282 557 3363 pendat,
591 3273 764 3365 ellluatqtte
790 3292 832 3342 err
856 3271 896 3342 tr.
948 3269 982 3340 si
1007 3288 1115 3340 autent
1146 3268 1248 3340 cauda
1271 3267 1300 3340 B
1323 3263 1418 3340 firerit
1450 3271 1616 3360 amplioris
1647 3269 1827 3356 diametri,
1863 3289 1943 3343 turn·

412 3380 539 3452 sublata·
547 3372 644 3445 antlia
665 3391 707 3441 ex
732 3368 822 3441 Vino
847 3366 898 3438 vel
922 3365 1031 3456 aqui,
1055 3365 1178 3437 Vinum
1203 3362 1324 3451 effluit,
1343 3364 1448 3437 clausa
1473 3364 1550 3436 licet
1574 3365 1650 3461 gula
1675 3368 1693 3437 a
1718 3363 1772 3437 D:
1799 3385 1946 3458 tumque·

412 3474 578 3644 silit
595 3460 1945 3643 silit,‘sirit‘l‘tltilsttitillari:issisti·

414 3673 476 3739 bus
497 3662 609 3734 caudae
628 3661 770 3738 titreae3
795 3656 842 3723 vis
865 3651 991 3722 trahens
1015 3647 1111 3720 fluidi
1136 3649 1185 3719 est
1206 3651 1339 3738 aequalis
1363 3606 1636 3745 guuae’ntaximae
1661 3580 1703 3722 e}
1726 3673 1768 3722 eo
1793 3581 1936 3726 fgrman·

413 3766 491 3835 dae:
525 3755 616 3848 quod
640 3752 662 3822 sr
684 3749 819 3822 lamellae
846 3747 935 3818 fluidi
959 3745 1079 3816 inlimae
1100 3746 1134 3816 in
1156 3746 1237 3816 tubo
1260 3746 1390 3836 pondus
1421 3747 1615 3838 superauerit
1644 3750 1710 3820 vim
1736 3747 1945 3835 trahentem,

414 3857 541 3932 lamella
559 3849 710 3923 decidere
724 3845 849 3938 potest,
876 3839 1178 3931 deciditqueaaulsa
1200 3861 1219 3910 a
1244 3840 1361 3925 latere,
1388 3863 1452 3932 qua
1477 3862 1566 3934 parte
1590 3846 1696 3916 ninus
1721 3868 1739 3916 a
1765 3847 1847 3916 tubo
1872 3864 1935 3918 tra·

414 3957 570 4032 bebatur,
584 3949 641 4017 adr
651 3945 696 4012 ibi
712 3940 827 4033 praesto
844 3938 950 4021 udell,
966 3939 1096 4026 irrepit,
1112 3957 1171 4027 per
1195 3940 1220 4006 't
1235 3936 1307 4006 labi·
1318 3935 1476 4023 fluidum,
1499 3935 1534 4009 dt
1550 3941 1608 4013 adr
1621 3939 1840 4027 adscendere,
1861 3961 1931 4032 quo

412 4055 510 4145 padio
532 4063 630 4118 omne
654 4036 793 4110 fluidum
816 4057 857 4106 ex
882 4035 962 4105 tubo
986 4031 1097 4103 effluit.
1184 4054 1227 4104 oc
1254 4032 1466 4104 fundamento
1488 4039 1600 4107 nititur
1623 4037 1816 4109 Fonticulus
1842 4039 1932 4109 Stur-

413 4150 468 4222 mii
491 4146 581 4217 dieto
603 4136 767 4219 audiens,
799 4132 890 4223 cujus
906 4130 984 4200 haec
1008 4130 1055 4199 esi
1079 4127 1209 4200 fabrica
1261 4128 1319 4197 Est
1352 4127 1536 4200 ABKKB
1562 4154 1616 4201 vas
1637 4154 1750 4203 cavum
1777 4133 1999 4222 superiorirpt.
2014 4147 2093 4210 m

413 4264 504 4337 parte
526 4243 558 4310 A
581 4232 754 4315 clausum;
789 4251 830 4299 ex
858 4226 962 4297 sunda
993 4225 1162 4296 lateraliter
1194 4227 1336 4295 eminent
1359 4225 1413 4296 sex
1440 4225 1610 4316 epistomia
1635 4225 1719 4297 KK.
1745 4211 1997 4302 intrinsecur¹¹⁶
2014 4226 2050 4272 ¹0·

413 4363 470 4434 per
498 4335 640 4409 inedium
663 4329 804 4399 decurrit
828 4325 928 4396 tubus
950 4319 1056 4405 CD,
1088 4322 1249 4411 utrimque
1279 4339 1435 4411 apertura
1470 4325 1580 4413 patina
1613 4323 1721 4412 ampla
1753 4324 1800 4395 est
1835 4323 1933 4398 ΜΜ

413 4459 489 4508 turn
518 4430 674 4503 eminenti
697 4425 777 4494 tubo
801 4421 904 4506 GE,
929 4420 986 4511 qui
1010 4419 1132 4509 excipit
1156 4437 1281 4509 partem
1306 4418 1451 4489 infimam
1476 4417 1512 4490 D
1538 4422 1607 4492 tubi
1632 4417 1739 4508 CD,
1763 4424 1797 4494 in
1821 4421 1945 4495 medlo·

412 4535 531 4625 patinae
548 4526 604 4595 sub
620 4523 702 4592 tubo
723 4520 769 4592 est
792 4519 958 4600 sorarnen,
983 4513 1076 4606 quod
1101 4514 1206 4588 claudi
1233 4511 1269 4586 dt
1292 4517 1409 4604 aperiri
1432 4515 1536 4607 potest
1561 4518 1685 4591 vulvula
1713 4515 1762 4607 lt,
1787 4541 1861 4612 quae
1885 4515 1933 4594 l'a·

415 4649 467 4701 att
485 4625 540 4696 sub
559 4619 693 4712 patinae
717 4617 758 4688 td
785 4617 867 4689 latur
890 4615 961 4688 tubi
981 4609 1059 4686 EG
1080 4611 1128 4685 est
1149 4631 1296 4707 apertura
1314 4611 1368 4701 F,
1392 4615 1426 4686 in
1450 4634 1549 4707 quarn
1572 4615 1678 4691 influit
1700 4638 1786 4713 aqua
1808 4635 1850 4691 ex
1873 4637 1932 4709 pa·

1758 4733 1764 4740 ·
1844 4717 1944 4801 tinat,⁸

406 4886 416 4930 ¹·
486 4911 545 4989 (a)
566 4855 1108 4992 Mersennutlnpbarnonrpnettnrat.
1127 4845 1279 4990 propat·
1615 4965 1618 4970 ,
1760 4969 1765 4976 ,

400 4993 407 5104 J
488 4977 890 5071 (ll-tantamitnnn
905 4985 1402 5143 datumstdrtltsttblpstsptttspt
1416 5003 1468 5161 {aa
1603 5009 1606 5016 ·
