4992 6767
549 687 654 776 us
711 657 1631 805 Mursoaisaouuts.
1769 725 1851 812 993

379 890 411 988 s.
436 882 702 960 Mlllcccull
736 882 809 953 Ros
837 882 891 952 hic
917 901 1066 956 terrarum
1097 888 1131 956 in
1152 885 1270 985 Belgio
1293 885 1451 959 soederato
1475 890 1593 962 labitur
1617 894 1657 963 ab
1681 895 1787 984 Aprili
1813 898 1855 969 ad

331 989 532 1066 Oeiobnn,
558 983 677 1073 quibus
700 981 860 1050 mensbus
883 978 996 1051 allisis
1019 982 1138 1055 caelum
1156 982 1256 1055 isole
1269 986 1452 1068 incalescit,
1480 986 1532 1057 sed
1551 1011 1627 1059 curn
1650 992 1792 1072 coelum,
1816 991 1854 1064 de

333 1088 434 1157 solum
458 1082 577 1176 frigere
599 1081 736 1170 incipit,
763 1078 950 1166 tempestate
976 1080 1017 1147 ad
1043 1081 1192 1169 hyemem
1216 1103 1392 1180 tietgente,
1416 1087 1587 1176 pauciores
1603 1087 1719 1158 halitus
1736 1109 1755 1157 e
1770 1109 1853 1158 terra

331 1181 548 1261 aescendune
574 1176 652 1247 ideo
676 1196 768 1261 vere,
794 1174 920 1258 astate,
946 1171 980 1243 &
1002 1197 1158 1250 autumno
1175 1180 1248 1271 post
1272 1180 1478 1275 praegressum
1494 1181 1656 1273 calorem,
1679 1181 1715 1254 dt
1738 1205 1854 1258 tientes

331 1280 455 1352 calidos
478 1272 673 1368 potissimum
695 1292 798 1343 rorat:
824 1275 877 1343 vix
904 1272 1043 1361 hyeme,
1070 1295 1125 1346 aut
1150 1278 1286 1366 spirante
1307 1276 1428 1374 frigido
1449 1280 1699 1374 Septemtrione.

380 1406 411 1505 s.
438 1397 718 1476 MMCCCLlll.
744 1395 916 1493 Quantitas
941 1398 1042 1470 Ruris
1066 1403 1209 1494 qualibet
1230 1406 1349 1489 nesle,
1371 1423 1426 1475 aut
1440 1423 1611 1475 totoanno
1631 1406 1852 1502 adscendens,

332 1523 480 1579 accurate
505 1499 678 1590 comperiri
704 1518 772 1567 non
797 1495 891 1566 facile
917 1497 1045 1588 potest,
1070 1522 1206 1590 propter
1239 1521 1384 1585 ventos,
1416 1502 1472 1592 qui
1500 1522 1607 1572 rorem
1640 1504 1855 1592 provehente,

332 1608 366 1675 in
389 1599 523 1672 sublime
546 1597 704 1668 elevatum
727 1593 767 1664 de
791 1593 870 1662 loco
893 1594 1082 1684 inlocum,
1107 1591 1254 1668 efficiunt
1278 1618 1314 1669 ut
1335 1602 1408 1691 capi
1429 1618 1598 1689 nequeat,
1632 1617 1699 1669 tum
1722 1622 1856 1690 propter

331 1701 479 1794 pluvias,
504 1692 693 1768 revehentes
715 1693 748 1760 in
773 1708 909 1772 tertam,
935 1692 1092 1779 quicquid
1114 1715 1154 1763 ex
1177 1691 1246 1764 solo
1270 1694 1451 1772 adscendit,
1478 1716 1533 1766 aut
1558 1693 1751 1767 adscendere
1774 1701 1857 1768 nite·

333 1819 437 1870 retur:
464 1814 531 1865 tum
556 1792 711 1882 quoniam
735 1783 807 1876 poll
832 1786 971 1876 pluviam
996 1788 1100 1858 multo
1121 1789 1194 1880 plus
1219 1810 1332 1873 rorat,
1364 1812 1461 1880 quarn
1486 1792 1560 1881 post
1581 1792 1762 1864 diuturnam
1794 1796 1855 1863 ari-

332 1896 488 1974 ditarem,
519 1888 714 1979 discrepabit
739 1882 809 1955 haec
833 1885 913 1952 toris
938 1890 1099 1973 quantitas
1128 1889 1162 1954 ln
1187 1887 1281 1955 variis
1312 1888 1501 1981 regionibus
1526 1909 1588 1977 pro
1618 1887 1676 1957 soli
1701 1890 1857 1961 consitu-

333 1995 445 2075 tione3
473 1987 567 2079 quod
590 1985 612 2053 s
639 1986 729 2054 enim
750 1980 889 2051 multtum
910 2001 1002 2070 aquae
1027 1980 1084 2051 sub
1111 1981 1181 2051 solo
1206 1981 1318 2064 suerit,
1344 1982 1521 2071 plurimum
1544 1981 1647 2052 Roris
1663 1984 1856 2070 adscendet,

333 2088 527 2176 tradiditque
558 2077 735 2150 lVleuadrel
767 2077 800 2146 in
830 2076 945 2145 itinere
975 2078 1016 2144 ab
1040 2079 1152 2164 Alepo
1180 2079 1221 2143 ud
1248 2077 1508 2163 Hierosolymam
1534 2097 1681 2148 montem
1706 2077 1858 2151 Hermon

332 2186 415 2255 adeo
439 2200 565 2259 rorate,
591 2195 626 2245 ut
651 2193 801 2264 tempore
827 2173 986 2242 matutino
1009 2173 1147 2238 tentoria
1174 2170 1267 2237 Rore
1286 2171 1468 2239 maduerint
1491 2193 1559 2241 non
1585 2178 1721 2258 minus,
1754 2197 1854 2264 quam

331 2282 353 2351 s
371 2298 437 2348 tore
452 2277 549 2347 nodbe
568 2271 707 2362 pluisset.
737 2268 911 2355 Quantitas
930 2263 1031 2331 Ruris
1047 2261 1291 2340 adscendentis,
1304 2263 1357 2331 vel
1370 2263 1501 2335 decidui
1519 2266 1673 2355 pendebit
1690 2291 1859 2358 quoque,

331 2378 389 2448 sur
411 2374 504 2452 loci,
536 2370 558 2434 sr
583 2370 670 2432 enim
695 2379 811 2430 uentus
834 2358 876 2427 ad
901 2358 1042 2445 aliquem
1073 2357 1258 2429 montosam
1284 2358 1394 2429 locum
1426 2355 1504 2430 sare
1530 2359 1657 2451 soleat,
1690 2361 1765 2434 Ro's
1789 2365 1855 2435 hue

330 2468 512 2563 appelletur
536 2459 648 2549 maiori
670 2458 784 2545 copia:
811 2455 933 2545 pendet
954 2456 1050 2524 etiam
1075 2458 1173 2544 copia
1196 2454 1298 2526 Ruris
1323 2478 1342 2528 a
1366 2457 1494 2542 calore,
1519 2478 1621 2548 quem
1637 2458 1695 2529 Sol
1714 2482 1788 2532 cum
1807 2459 1857 2531 so·

332 2571 366 2640 lo
391 2561 632 2638 communicat,
657 2554 742 2623 adeo
766 2573 801 2622 ut
820 2554 854 2622 in
877 2550 1065 2647 regionibus
1089 2551 1201 2622 calidis
1223 2553 1297 2641 plus
1322 2551 1424 2625 Roris
1445 2553 1620 2647 exspeeiari
1644 2556 1739 2645 posst
1758 2578 1857 2647 quarn

332 2671 368 2737 in
391 2658 529 2753 frigidis:
556 2655 631 2724 ideo
652 2655 686 2722 in
710 2650 847 2732 Arabia,
873 2652 907 2720 in
928 2668 992 2739 qua
1012 2649 1133 2718 eoelum
1159 2648 1282 2740 semper
1304 2649 1351 2719 est
1376 2650 1543 2735 serenum,
1569 2647 1604 2721 dt
1629 2651 1675 2723 sol
1695 2652 1858 2744 profunde

333 2758 436 2833 solum
459 2751 626 2825 arenosum
652 2746 818 2830 calefacit,
841 2748 1021 2835 nosiesque
1037 2744 1108 2816 sunt
1123 2742 1266 2840 sigidae,
1293 2746 1376 2817 adeo
1394 2746 1546 2837 copiosus
1562 2748 1637 2819 Ros
1654 2750 1857 2836 observatur,

332 2877 370 2930 ut
391 2857 592 2925 itineratores
615 2865 720 2936 usque
744 2843 785 2913 ad
800 2845 900 2914 cutim
922 2842 1105 2926 humesiet,
1129 2842 1218 2912 velut
1237 2860 1391 2934 expertus
1408 2842 1455 2913 est
1469 2842 1535 2912 Th.
1551 2843 1651 2913 Shaw
1677 2846 1696 2939 (
1721 2845 1755 2938 ),

382 2980 415 3068 §.
441 2966 721 3047 MMCCCLIV.
748 2965 830 3061 Quo
851 2986 1001 3057 tempore
1017 2964 1145 3051 Rorat,
1169 2969 1278 3035 adrem
1296 2965 1360 3035 else
1375 2965 1555 3037 admodum
1577 2964 1769 3054 humidum,
1795 2990 1857 3042 no·

331 3080 411 3151 tavit
437 3070 604 3152 Halesus,
628 3084 771 3153 eumque
796 3085 864 3133 non
880 3064 1061 3145 exsecare,
1080 3062 1157 3132 ideo
1178 3081 1252 3132 cum
1275 3062 1420 3156 granaria
1444 3055 1597 3132 &neves
1622 3060 1773 3150 follibus,
1795 3088 1859 3137 no·

331 3196 409 3247 vum
434 3172 544 3244 a'e'rem
569 3160 823 3243 advehentibus,
849 3158 919 3229 funt
935 3158 1114 3244 secandae,
1131 3155 1167 3229 dt
1183 3158 1384 3254 purganda,
1408 3155 1547 3228 consulit
1568 3156 1793 3231 abstinendum
1808 3181 1861 3234 es·

330 3271 363 3343 se
388 3293 408 3342 a
429 3265 591 3360 perflatu,
615 3280 684 3351 quo
707 3277 857 3348 tempore
878 3275 968 3327 rorat
992 3254 1081 3350 (b).
1513 3269 1523 3290 ’

377 3391 410 3490 §-
436 3381 702 3461 NIMCCCLV.
728 3380 767 3452 In
791 3382 985 3470 quibusnam
1009 3377 1084 3448 Ros
1104 3375 1213 3449 differt
1236 3376 1255 3447 d
1279 3376 1423 3449 nebula?
1447 3373 1580 3447 Nebula
1604 3371 1800 3466 pessimum
1816 3392 1859 3448 ex

330 3510 451 3579 vapore
471 3505 580 3573 aqueo
601 3479 748 3548 constare
771 3476 926 3556 videtur,
959 3476 1105 3558 quamvis
1129 3478 1225 3542 etiarn
1248 3491 1289 3543 ex
1312 3472 1506 3543 anhelitibus
1530 3472 1604 3542 Soli
1624 3473 1861 3559 constiturum

335 3587 390 3656 sed
407 3599 541 3669 vapores
555 3575 626 3650 illi,
652 3569 688 3635 dt
712 3567 871 3631 anhelitus
893 3565 1091 3650 potissimum
1111 3585 1261 3651 tempore
1282 3569 1400 3633 diurno
1426 3566 1652 3648 adscendunt,
1679 3567 1753 3638 Ros
1776 3564 1859 3640 nod

336 3697 454 3753 turno:
479 3665 671 3755 ceteroquin
688 3657 764 3729 Ros
785 3659 880 3726 etiam
897 3677 937 3726 ex
952 3677 1078 3747 vapore
1089 3677 1196 3749 nqueo
1217 3662 1454 3748 componitur,
1479 3657 1556 3729 ideo
1580 3658 1603 3728 s
1625 3660 1658 3729 in
1682 3662 1860 3749 quemdam

335 3780 466 3854 locum,
490 3787 532 3837 ex
555 3782 622 3854 quo
636 3776 729 3829 antea
744 3755 846 3825 Roris
869 3754 1007 3825 multum
1029 3752 1223 3825 adscendere
1239 3753 1381 3840 solebat,
1407 3776 1466 3846 per
1481 3752 1647 3826 adsiduum
1665 3755 1773 3846 pluria
1789 3765 1860 3830 non

336 3870 510 3949 ceciderit,
535 3854 765 3932 multominus
787 3847 889 3922 Ruris
908 3851 1009 3923 noiiu
1033 3847 1226 3937 adscendit,
1259 3852 1317 3944 qui
1341 3852 1459 3924 iterum
1482 3849 1529 3924 es
1550 3849 1672 3948 largior
1693 3853 1767 3945 poli
1787 3854 1863 3947 lap·

336 3971 400 4044 sam
424 3964 576 4057 pluviam.

387 4076 469 4148 Ideo
493 4072 549 4162 qui
572 4064 668 4150 Ros,
691 4055 743 4131 vel
765 4075 866 4147 vapor
888 4054 1013 4148 vesperi
1038 4079 1080 4130 ex
1102 4055 1187 4130 follis
1218 4056 1291 4147 poll
1307 4058 1393 4129 diem
1409 4058 1550 4129 calidum
1569 4079 1635 4149 pra
1663 4060 1775 4138 ,ellum
1798 4061 1858 4132 ad·

337 4173 486 4255 scendit,
519 4167 580 4236 erit
602 4178 725 4230 tantum
747 4174 848 4244 vapor
869 4175 1023 4244 aqueus,
1056 4175 1125 4224 non
1150 4150 1290 4222 diuersus
1311 4154 1352 4222 ab
1375 4173 1446 4235 eo,
1470 4157 1527 4243 qui
1553 4156 1640 4223 nebu
1653 4177 1704 4224 am
1726 4157 1857 4226 format.

385 4279 450 4353 Sed
478 4299 519 4348 an
549 4287 697 4362 tempore
724 4267 887 4337 nostumo
913 4264 1072 4335 anhelitus
1155 4266 1261 4332 viores
1282 4282 1323 4330 ex
1353 4259 1422 4333 solo
1447 4262 1481 4332 in
1511 4260 1611 4333 altum
1638 4263 1859 4350 adscendunt,

336 4400 432 4472 quarn
456 4368 606 4447 diurno?
632 4365 678 4440 Et
702 4385 743 4435 an
768 4364 919 4433 noslurni
935 4361 1092 4438 anhelitus
1149 4378 1264 4447 orem,
1287 4359 1392 4430 durni
1407 4358 1510 4430 modo
1524 4359 1675 4440 nebulam
1690 4359 1858 4433 efficiunt?

332 4479 389 4548 An
410 4473 514 4544 diuus
542 4470 715 4562 cinguntur
739 4458 851 4532 ma'ori
874 4463 970 4552 copia
992 4458 1229 4550 elesiricitatis,
1256 4457 1405 4527 nosiurni
1423 4456 1572 4528 minerii
1604 4455 1651 4529 Et
1674 4459 1751 4530 ideo
1774 4480 1857 4531 noe·

335 4574 422 4646 turni
444 4568 561 4639 lentius
578 4567 613 4634 in
632 4561 732 4633 altum
756 4581 774 4630 a
809 4557 969 4631 cendunt:
996 4553 1032 4629 dt
1052 4556 1214 4644 enideo,
1236 4556 1294 4649 qui
1315 4554 1434 4628 minori
1459 4556 1644 4630 ambiuntur
1666 4557 1857 4632 cleiiscita·
1879 4601 1883 4608 -

1799 4671 1865 4742 te,

409 4852 470 4933 (a)
488 4852 614 4916 Travels
639 4867 669 4914 to
690 4856 834 4927 Barbnrye
856 4870 920 4928 pag.
939 4869 1006 4931 379.
1040 4887 1043 4894 ,
1108 4873 1111 4878 ·

412 4940 470 5015 (b)
492 4934 558 4995 The
581 4930 628 4993 use
650 4933 684 4993 of
699 4934 879 4994 ventilatura
890 4950 965 5010 pag.
983 4946 1071 5006 ¹04³.
