4992 6767
531 665 644 752 DE
698 661 1188 784 METE-ORIS
1246 668 1605 784 AQUEIS.
1748 707 1829 784 995

315 865 484 962 Q'uercum
508 855 543 928 dt
568 857 746 930 Fraxinum
764 857 912 928 cecidisse
936 857 1096 944 creditur,
1120 862 1166 934 est
1187 866 1298 955 potius
1319 863 1429 934 oleum
1453 882 1494 932 ex
1520 861 1654 935 vasculis
1679 867 1834 937 sudorise-

316 969 359 1036 ris
379 958 534 1030 foliorum
559 953 747 1046 expulsum,
772 952 972 1044 superficiem
997 953 1144 1044 illineos,
1170 979 1205 1030 ut
1229 959 1349 1032 niteat?
1373 963 1428 1032 ,ita
1450 957 1559 1034 saltem
1583 961 1627 1030 est
1651 965 1684 1030 in
1708 961 1836 1054 Belgio.

317 1057 405 1129 Cum
428 1071 535 1123 autem
562 1050 674 1142 sapius
700 1049 929 1122 Ros-melleus
956 1050 1095 1136 labitur,
1118 1057 1271 1130 arborum
1293 1055 1374 1128 solia
1393 1059 1462 1128 cito
1484 1053 1556 1126 sunt
1577 1057 1754 1146 retorrida,
1780 1055 1836 1143 fla,

319 1171 472 1237 vescunt,
500 1148 539 1226 bt
560 1145 654 1222 solito
677 1145 813 1222 celerius
836 1145 993 1220 decidunt
1014 1168 1183 1226 autumno.

952 1352 1017 1441 De
1044 1357 1203 1443 Pluvia.

373 1584 405 1680 ᾗ.
430 1553 740 1654 NlllllCCCLVlll.
773 1572 978 1648 Pluvimst
1007 1574 1182 1649 multitudo
1212 1597 1379 1668 parvarum
1394 1598 1569 1671 aquearum
1584 1549 1767 1677 guttarum,
1790 1581 1845 1673 ‹ir-1

325 1682 419 1758 verfis
435 1676 636 1767 temporibus
654 1693 697 1742 ex
721 1670 845 1742 sublimi
868 1671 946 1740 abre
969 1671 1182 1742 relabentium
1204 1676 1236 1744 in
1261 1675 1409 1749 Terram.

377 1799 408 1895 ς.
433 1767 714 1868 Munccc'le.
740 1790 851 1863 l'luvia
874 1795 941 1860 sere
962 1791 1086 1883 semper
1107 1815 1147 1862 ex
1169 1796 1309 1865 nubibus
1334 1796 1440 1865 cadit:
1463 1797 1626 1871 observavi
1652 1821 1758 1873 tamen
1775 1801 1848 1893 plu·

329 1900 434 1978 viam,
460 1894 536 1962 lieet
556 1894 590 1961 in
610 1889 727 1984 exigui
752 1889 866 1978 copis,
893 1884 928 1956 dt
950 1891 1122 1958 rarioribus
1145 1893 1244 1983 guttis
1262 1890 1423 1980 delapsam
1438 1912 1479 1959 ex
1497 1893 1602 1976 Aere,
1631 1898 1749 1984 inquo
1774 1898 1847 1967 nul-

332 1994 362 2064 la
388 1991 561 2086 conspicua
587 1987 711 2069 nubes,
736 1985 867 2066 aestate,
901 2004 975 2054 cum
999 1984 1120 2055 coelum
1147 1985 1345 2075 aliquamdiu
1365 1986 1468 2055 suerat
1492 1987 1727 2075 tranquillum,
1757 1993 1849 2062 aeslua

330 2088 526 2167 vehemens,
551 2079 585 2152 bt
610 2081 695 2168 quasi
720 2077 906 2160 suffocans,
937 2101 1005 2170 quo
1037 2101 1174 2169 vapores
1198 2082 1308 2170 plures
1333 2081 1561 2164 elevabantur,
1586 2104 1684 2173 quam
1705 2086 1746 2154 ab
1775 2088 1850 2154 abre

330 2184 471 2256 sustineri
500 2195 679 2267 poterant,
713 2195 768 2246 aut
802 2175 973 2246 necessaria
1003 2176 1218 2240 eleciricitaris
1248 2176 1349 2256 copia
1381 2175 1562 2242 circumfusi
1593 2179 1850 2264 adscenderunt,

329 2277 381 2347 sed
404 2295 468 2363 qua
490 2276 525 2342 in
545 2275 620 2342 aire
642 2271 771 2344 altiori,
791 2269 1013 2354 frigidiorique
1037 2284 1107 2331 tum
1131 2263 1216 2332 sorte
1242 2266 1349 2331 minus
1371 2264 1544 2346 elesbrico,
1570 2272 1790 2350 orbabantur,
1813 2296 1848 2338 e-

329 2377 405 2443 tiam
429 2389 508 2436 mox
531 2364 661 2432 remisso
684 2358 794 2428 calore
817 2355 959 2444 densati,
985 2355 1257 2430 &adscendente
1282 2361 1406 2448 impetu
1430 2358 1581 2452 sublato,
1608 2362 1851 2454 relabebantur,

332 2471 367 2538 in
389 2481 497 2560 guttas
521 2458 688 2527 coeuntes.

383 2589 414 2683 ς.
441 2577 705 2654 MlllCCCLX.
732 2578 844 2652 Pluvia
865 2581 1044 2668 fonnautt,
1076 2581 1208 2676 quando
1233 2585 1362 2674 vaporis
1386 2584 1579 2675 particulae,
1612 2585 1734 2657 nubem
1763 2606 1857 2656 com·

335 2702 520 2779 ponentes,
546 2680 681 2767 propius
706 2676 795 2748 adse
820 2679 998 2771 accedunt,
1023 2698 1059 2749 ut
1076 2681 1107 2749 se
1126 2680 1250 2750 trahere
1267 2701 1409 2768 queant,
1433 2684 1562 2768 arelati,
1588 2684 1742 2776 congeri,
1766 2683 1857 2752 coire

334 2802 410 2852 cum
434 2775 503 2847 aliis
525 2777 558 2844 in
584 2773 781 2858 concilium,
806 2774 967 2868 guttulam
990 2773 1146 2860 formare,
1173 2798 1247 2865 quae
1266 2777 1343 2845 abre
1365 2775 1528 2844 ambiente
1554 2778 1702 2865 specifice
1729 2780 1855 2870 grauiam
1948 2819 1957 2828 -

334 2878 475 2959 labitur,
499 2871 633 2960 aliisque
659 2874 782 2964 guttis,
804 2872 1009 2962 particulisvc
1034 2875 1145 2962 aqueis
1167 2891 1367 2950 occurrens,
1392 2891 1466 2941 cunr
1492 2871 1530 2939 iis
1555 2869 1697 2941 concilio
1721 2871 1857 2961 conjun-

358 2978 440 3053 'tur,
466 2969 679 3055 increscitque
702 2969 735 3037 in
757 2988 828 3038 eam
851 2968 1135 3062 magnitudinem,
1168 2988 1231 3056 qua
1255 2971 1288 3034 in
1311 2987 1426 3036 terram
1452 2968 1580 3036 labitur.
1631 2963 1697 3035 Hie
1720 2965 1857 3036 coalitus

335 2997 526 3140 {cretarum
548 3064 686 3154 partium
711 3067 838 3154 vaporis
864 3063 921 3147 fit,
948 3064 1079 3152 quando
1102 3061 1368 3142 eleslricitatern,
1394 3083 1458 3149 qua
1481 3063 1687 3143 ambiuntur,
1711 3060 1762 3133 vel
1787 3083 1859 3130 om·

334 3170 436 3248 nino,
461 3161 513 3235 vel
535 3181 596 3250 pro
615 3177 705 3248 parte
731 3158 897 3248 perdunt:
931 3178 985 3227 aut
1005 3160 1036 3230 vi
1062 3157 1269 3247 repellente,
1302 3159 1420 3250 igneve
1441 3157 1618 3243 orbantur,
1643 3176 1698 3227 aut
1726 3157 1858 3247 quando

333 3264 352 3332 i
379 3282 476 3333 vento
497 3276 601 3348 partes
626 3255 769 3344 parribus
790 3256 1027 3344 apprimuntur.

385 3369 497 3440 Guttae
522 3366 637 3456 pluviae
663 3364 735 3434 surrt
756 3363 885 3447 iluidae,
911 3364 1042 3454 quando
1066 3363 1169 3434 nubes
1192 3367 1225 3433 in
1251 3364 1339 3435 coelo
1362 3365 1444 3436 insra
1461 3367 1629 3460 regionem
1652 3364 1789 3438 nivalem
1804 3389 1861 3438 na·

338 3470 475 3545 raverit,
509 3459 544 3531 δι
570 3479 675 3546 partes
707 3460 897 3527 delabantur
927 3481 985 3546 per
1013 3461 1124 3527 ae'rem
1151 3459 1342 3549 calentem,
1374 3461 1482 3528 saltem
1516 3482 1584 3530 non
1616 3461 1860 3556 congelantcm:

338 3563 414 3629 ideo
435 3558 542 3645 pluvia
565 3553 629 3619 labi
655 3552 762 3633 potell
786 3569 827 3611 ex
849 3553 990 3612 nubibus
1014 3551 1285 3611 diversrssiurarunr
1304 3555 1530 3632 altitudinum
1556 3553 1675 3620 sivero
1697 3577 1739 3622 ex
1756 3557 1862 3626 altiffi·

339 3658 422 3736 mis,
442 3669 515 3736 quae
534 3643 607 3710 sunt
623 3643 655 3710 iu
680 3643 815 3732 regione
831 3638 949 3722 nivali,
974 3636 1121 3719 labatur,
1143 3641 1282 3726 primum
1299 3644 1434 3710 vertitur
1447 3645 1480 3712 in
1499 3646 1628 3727 nivem,
1653 3666 1748 3735 quae,
1770 3653 1791 3717 si
1812 3652 1862 3720 ul·

344 3750 441 3820 terius
463 3738 654 3818 descendat,
679 3732 715 3804 dt
738 3756 797 3823 per
817 3736 924 3803 aerem
949 3733 1107 3802 calentem
1133 3733 1284 3818 labatur,
1319 3735 1445 3807 refundi
1474 3738 1581 3828 potest
1604 3742 1799 3830 inaquam,
1826 3742 1863 3815 dt

343 3847 482 3916 sormare
507 3837 647 3926 pluviam
669 3830 833 3920 fluidam,
859 3832 1004 3918 aptiori
1033 3850 1099 3898 non
1123 3828 1297 3899 diversam:
1323 3831 1356 3899 id
1377 3832 1503 3904 constat
1524 3835 1622 3904 etiam
1648 3855 1689 3906 ex
1715 3840 1863 3912 observa-

345 3939 487 4010 tionibus
520 3932 552 4022 J.
572 3926 673 3997 llenr.
693 3924 858 4001 Lumberti
893 3925 997 4017 (a),
1029 3945 1104 3993 cum
1126 3927 1213 3994 enlm
1240 3925 1341 3997 Curia
1368 3925 1730 4004 Rhetotumvicinum
1763 3937 1861 4010 habet

346 4053 492 4108 montem
518 4023 720 4115 Calandam,
744 4022 801 4112 qui
822 4019 891 4090 sere
911 4040 1067 4110 perpetua
1092 4023 1209 4113 tegitur
1223 4025 1316 4104 nive,
1342 4028 1476 4112 quando
1496 4048 1593 4107 vere,
1616 4024 1652 4095 de
1674 4031 1780 4100 aestate
1805 4038 1862 4105 nix

349 4136 383 4203 in
401 4141 545 4199 montem
565 4120 669 4205 cadit,
691 4119 798 4210 pluvia
812 4116 860 4188 cst
875 4119 909 4192 in
924 4117 1025 4201 valle,
1049 4115 1179 4188 infirnus
1202 4120 1356 4187 terminus
1390 4123 1472 4190 nivis
1495 4121 1542 4188 est
1571 4123 1676 4211 1830.
1703 4127 1781 4215 ped.
1812 4127 1862 4194 su·

349 4249 407 4320 pra
422 4224 523 4294 solum
547 4216 716 4314 curiense.
1400 4259 1405 4270 ·

396 4330 542 4429 Quando
564 4329 678 4418 pluet,
702 4346 820 4399 natant,
834 4328 976 4417 primum
999 4327 1034 4393 in
1055 4323 1142 4395 coelo
1165 4320 1275 4411 sparsae
1296 4323 1378 4394 albae
1399 4327 1531 4409 nubes,
1555 4345 1629 4416 quae
1652 4327 1749 4402 adse
1771 4351 1864 4403 acce·

350 4435 458 4513 dunt,
495 4425 531 4496 dt
560 4446 724 4496 unacum
748 4425 817 4497 aliis
838 4423 1082 4494 adventantibus
1112 4420 1232 4490 nubem
1256 4420 1450 4492 uniformem
1471 4444 1704 4514 componunt,
1736 4428 1864 4520 conspi-

351 4548 448 4601 cuum
470 4539 575 4589 totum
597 4522 719 4591 coelum
745 4523 933 4616 obtegunt,
966 4517 1134 4589 densantur
1152 4557 1170 4599 ,·
1196 4516 1414 4604 descendunt,
1432 4519 1632 4610 aliquantum
1658 4527 1765 4598 minus
1786 4546 1864 4597 can·

353 4625 454 4705 dent,
477 4616 552 4706 plus
573 4618 718 4690 minusve
737 4617 819 4692 lucis
843 4617 965 4688 diumae
987 4614 1152 4701 adimunt,
1176 4615 1324 4689 nonnihil
1348 4615 1428 4693 sumi
1453 4617 1540 4716 quafi
1557 4637 1672 4696 terram
1689 4621 1867 4700 versusex·

1040 4827 1045 4838 ι
1739 4719 1866 4802 halant,

432 4905 490 4984 (a)
508 4904 579 4968 Atta
599 4905 719 4971 Helvtt.
737 4908 807 4974 Vol.
824 4925 851 4986 ³·
871 4928 938 4992 pag.
958 4919 1023 4991 aas.

1148 4987 1213 5064 ua
1235 4991 1286 5066 aa
1308 4993 1357 5068 rr
