4992 6767
664 647 877 742 slve
955 645 1069 738 DE
1152 646 1518 740 VENTIs
1761 691 1865 776 1107

323 851 538 935 miserulis:
564 852 611 923 uti
638 871 657 922 a
681 848 868 930 montibus,
891 864 1007 916 eorum
1030 845 1107 934 bru,
1133 842 1169 918 δι
1198 846 1486 932 exhalationibus,
1518 871 1597 940 quas
1623 852 1709 925 statis
1734 875 1862 948 ternpo-

329 960 421 1032 ribus
445 950 640 1041 exspirant,
677 943 713 1016 ἃ
735 966 809 1036 qua:
836 945 959 1015 Asrem
988 945 1083 1015 certis
1105 944 1336 1016 direslionibus
1359 947 1569 1040 propellunt;
1605 970 1673 1021 tum
1700 973 1718 1021 a
1743 955 1862 1025 resolu-

336 1077 368 1126 ta
391 1056 484 1132 nive,
501 1045 656 1119 calesasio
681 1041 773 1126 solo,
791 1039 1052 1132 &plurimarum
1076 1041 1210 1116 aliarum
1237 1064 1371 1131 rerum,
1404 1045 1469 1116 huc
1494 1068 1597 1137 usque
1622 1051 1861 1145 incognitarum

333 1147 507 1222 concursu:
535 1144 619 1214 sorte
642 1144 669 1215 ai
694 1140 793 1210 caulis
817 1139 1028 1209 subterraneis
1050 1137 1069 1207 ὃ
1093 1137 1197 1211 sundo
1218 1143 1314 1210 maris
1337 1135 1600 1233 erumpentibus,
1626 1149 1736 1236 quales
1752 1146 1859 1218 Ocea·

331 1270 411 1320 num
434 1243 582 1314 Indicum
608 1240 693 1311 statis
713 1238 936 1327 temporibus,
962 1256 1082 1326 nempe
1095 1235 1218 1328 Junio,
1250 1236 1368 1308 deinde
1384 1241 1555 1334 Augusto,
1580 1243 1630 1314 vel
1653 1245 1858 1335 Septembri,

331 1343 472 1416 reddunt
493 1339 629 1410 laneum
651 1333 965 1424 lucidissimumque:
1002 1332 1107 1404 Maris
1137 1338 1226 1405 enim
1251 1335 1346 1405 color
1372 1338 1511 1408 interdiu
1539 1341 1688 1412 naturalis
1713 1343 1777 1425 est,
1805 1343 1859 1413 sed

332 1443 433 1512 nostu
467 1435 561 1508 instar
588 1435 677 1506 lasiis
707 1432 821 1515 albet,
854 1427 979 1502 &tam
1011 1431 1095 1500 clara
1119 1430 1193 1501 luce
1218 1431 1334 1502 caelum
1373 1434 1528 1518 illullrat,
1562 1457 1597 1506 ut
1619 1459 1706 1508 mate
1732 1439 1750 1508 i
1774 1441 1857 1511 calo

333 1538 485 1630 distingui
508 1552 665 1624 nequeat:
692 1530 832 1601 creditur
857 1528 927 1598 haec
951 1529 1064 1598 lucens
1088 1548 1171 1617 aqua
1191 1526 1322 1599 affluere
1341 1551 1381 1600 ex
1407 1553 1526 1624 magno
1559 1533 1627 1605 srnu
1651 1533 1761 1606 ‘serrae
1782 1543 1855 1608 Au·

328 1634 427 1704 ssralis
454 1652 557 1722 prope
582 1649 699 1700 novam
724 1623 914 1708 Guineam,
939 1627 1041 1695 ambit
1064 1625 1175 1709 Aroe,
1201 1623 1298 1712 Kye,
1325 1649 1428 1717 usque
1453 1630 1493 1698 ad
1509 1629 1713 1714 Tenimber,
1737 1631 1772 1703 de
1796 1633 1855 1703 Ti-

331 1753 404 1802 mor
421 1727 555 1812 Lubet:
579 1729 680 1797 ambit
709 1725 805 1793 etiam
831 1721 973 1805 Ceranr,
1007 1721 1226 1806 Amboinam,
1253 1721 1398 1794 bundam
1425 1725 1515 1821 (a),
1566 1727 1709 1798 Proinde
1736 1731 1854 1804 horum

332 1828 582 1920 explicationem
606 1821 790 1915 sapientiori
816 1817 924 1889 seculo
949 1816 1179 1908 relinquamus.

380 1947 412 2044 §-
437 1942 739 2018 MMDLXXVII.
765 1940 879 2014 Ventis
908 1937 1124 2011 anniversariis
1151 1939 1382 2011 adnumerandi
1415 1942 1484 2012 sunt
1506 1941 1643 2027 Etesrae,
1677 1953 1733 2038 qui
1760 1945 1854 2021 disse·

329 2067 404 2117 runt
428 2049 461 2114 in
487 2045 578 2114 variis
604 2042 790 2135 regionibus
804 2060 871 2109 tum
897 2057 1078 2127 tempore,
1111 2036 1307 2120 duratione,
1334 2039 1540 2110 diret‘lione:
1567 2040 1689 2113 Plinius
1723 2046 1853 2116 tradidit

327 2144 446 2213 borum
469 2140 664 2229 prodromos
691 2134 756 2210 esse
781 2133 985 2225 Aquilones,
1011 2135 1068 2220 qui
1098 2131 1186 2200 sexto
1211 2131 1289 2221 Julii
1318 2137 1501 2223 incipiunt,
1535 2137 1607 2224 post
1635 2140 1769 2212 biduum
1796 2164 1852 2214 ex·

328 2261 419 2310 ortus
445 2236 541 2306 iidem
572 2232 757 2322 Aquilones
781 2230 978 2297 constantius
1005 2225 1149 2315 perflant
1176 2226 1291 2296 diebus
1321 2229 1557 2323 quadraginta:
1590 2234 1623 2301 hi
1645 2236 1852 2310 observantur

330 2339 362 2405 in
384 2331 535 2413 Graecia,
568 2329 736 2407 Thracia,
762 2323 984 2405 Macedonia,
1010 2321 1098 2393 Mari
1123 2321 1276 2416 AEgaeo,
1309 2347 1388 2414 quas
1420 2328 1570 2419 regiones
1601 2328 1710 2399 aestivo
1742 2333 1852 2405 calore

328 2431 497 2502 aestuantes
525 2422 730 2518 refrigerant:
756 2442 824 2491 tum
850 2422 1013 2490 tamenin
1039 2419 1108 2489 srnu
1130 2418 1340 2491 Nurbonensr
1360 2421 1416 2492 flat
1438 2420 1545 2494 Eurus
1571 2422 1605 2495 ἃ
1631 2426 1768 2512 Auster,
1795 2435 1851 2520 qui

328 2529 373 2598 ibi
398 2526 468 2594 sunt
490 2520 629 2601 Etesrae,
656 2513 691 2588 &
716 2539 803 2589 nunc
832 2516 1012 2607 appellatur
1035 2519 1175 2592 Garbin.
1228 2517 1266 2587 ln
1298 2516 1452 2610 Hispania
1479 2518 1549 2591 sunt
1583 2524 1770 2594 orientales:
1796 2525 1851 2597 sed

328 2630 361 2694 in
380 2622 509 2700 Ponto,
532 2615 567 2687 dr
593 2616 635 2685 ad
657 2614 772 2686 ollium
788 2613 858 2685 Nili
882 2614 952 2684 suut
974 2614 1273 2706 septemtrionales.
1324 2615 1441 2688 Etesra:
1459 2620 1559 2688 nodia
1575 2617 1645 2690 fere
1662 2620 1848 2711 quiescunt,

327 2741 417 2792 nona
449 2718 514 2786 diei
546 2714 627 2784 hora
659 2715 827 2797 oriuntur,
858 2732 1000 2803 cumque
1028 2713 1072 2783 src
1097 2734 1192 2783 mane
1213 2715 1267 2783 vix
1290 2712 1418 2808 surgere
1443 2713 1566 2801 sciunt,
1592 2739 1609 2786 a
1634 2721 1738 2788 nautis
1760 2723 1848 2791 venti

329 2812 534 2888 somniculosr
566 2808 601 2881 δι
638 2809 766 2881 delicati
797 2810 867 2880 sunt
904 2808 1057 2900 appellati
1091 2811 1169 2904 (b).
1227 2809 1311 2880 Sunt
1335 2811 1431 2880 nobis
1456 2810 1565 2905 Belgis
1590 2834 1725 2904 quoque
1749 2817 1849 2887 noslri

328 2913 467 2996 Etefiae,
493 2912 548 3001 qui
568 2907 856 3001 septemtrionales
883 2926 989 2977 truces
1016 2905 1086 2977 sunt
1102 2910 1190 2980 venti
1211 2905 1321 2977 mense
1336 2906 1537 2999 Septembri:
1562 2908 1597 2979 Si
1615 2930 1758 2995 mature,
1782 2911 1848 2982 hoc

327 3011 468 3082 estante
496 3007 582 3077 diem
619 3028 673 3077 ro.
699 3003 909 3086 advenerint,
940 3001 1133 3095 plerumque
1163 3003 1261 3073 altera
1293 3005 1363 3073 vice
1393 3003 1528 3074 redeunt
1557 3008 1643 3075 circa
1671 3006 1757 3076 diem
1783 3030 1847 3078 20:

327 3108 382 3178 sed
405 3108 427 3176 fi
452 3102 524 3196 post
547 3103 689 3172 medium
714 3101 915 3188 Septembris
937 3103 1108 3184 venerint,
1142 3120 1206 3169 una
1234 3098 1308 3165 vice
1335 3095 1438 3167 modo
1468 3097 1727 3186 debacchantur,
1751 3106 1848 3176 arbo·

326 3225 457 3275 reorum
482 3201 642 3271 srusluum
668 3215 819 3289 magnam
839 3193 970 3281 copiam
995 3195 1185 3274 excutiunt,
1211 3188 1332 3262 &vim
1359 3193 1512 3262 imbrium
1536 3197 1691 3267 comitem
1716 3198 1846 3271 habent.

326 3299 454 3372 Omnes
478 3298 510 3367 hi
536 3298 623 3367 venti
649 3293 797 3363 videntur
819 3310 887 3360 non
911 3290 997 3360 bane
1017 3289 1176 3384 intelligi,
1200 3307 1262 3358 nec
1283 3288 1494 3360 demonstrari
1515 3288 1633 3381 polse;
1662 3293 1718 3362 nili
1737 3296 1848 3366 ocula·

326 3401 351 3467 ti
372 3400 540 3492 regionum
568 3389 785 3480 inspeeiores,
803 3384 837 3456 da
854 3388 994 3457 accurati
1010 3385 1234 3456 observatores
1254 3381 1453 3470 fluminum,
1477 3390 1661 3475 montium,
1686 3393 1845 3477 marium,

325 3493 481 3581 sylvarum
489 3490 675 3578 ,solutaque
693 3485 777 3551 nivis
792 3481 968 3560 fuerimus,
993 3482 1035 3545 ab
1056 3480 1143 3547 hisce
1165 3483 1273 3560 enim,
1299 3478 1334 3548 dt
1356 3482 1440 3550 haud
1464 3483 1562 3552 dubie
1583 3487 1690 3558 adhuc
1709 3489 1750 3558 ab
1775 3488 1845 3560 aliis

325 3588 426 3657 caulis
457 3582 656 3673 potissimum
688 3573 833 3666 pendere
865 3571 1034 3657 videntur,
1058 3575 1105 3643 uti
1129 3571 1211 3642 olim
1232 3574 1330 3644 etiam
1352 3598 1422 3647 non
1447 3596 1568 3648 temere
1582 3579 1755 3672 suspicatus
1783 3584 1845 3655 suit

325 3680 502 3755 Kitcherus
529 3678 603 3768 (c).

375 3804 406 3899 s.
442 3793 762 3872 NlllllDLXXVlll.
793 3795 877 3866 Sunt
907 3814 1041 3885 quoque
1069 3793 1169 3867 Venti
1201 3791 1382 3867 marini&
1416 3800 1531 3869 terreni
1564 3797 1635 3868 satis
1664 3797 1843 3895 regulares:

326 3902 449 3973 Marini
475 3903 507 3968 in
536 3893 702 3967 nonnullis
726 3894 887 3964 littoribus
910 3892 952 3961 de
976 3892 1029 3961 die
1052 3914 1093 3964 ex
1115 3896 1194 3964 mari
1212 3894 1257 3964 ad
1279 3913 1395 3964 terram
1419 3892 1599 3986 adspirant,
1624 3897 1725 3967 nosiu
1742 3895 1844 3968 silent.

326 4000 462 4069 Terreni
483 3995 574 4065 silent
600 3994 634 4063 in
658 3990 732 4076 die,
750 3991 853 4062 nostu
874 3988 909 4059 se
931 4009 975 4059 ex
999 4009 1080 4062 terra
1104 3991 1145 4061 ad
1168 4012 1258 4063 mare
1282 3992 1463 4083 recipiunt,
1487 4015 1556 4085 quo
1574 3993 1671 4086 pusio
1693 4013 1752 4086 pet
1771 3994 1843 4067 uni·

324 4097 449 4167 versum
476 4095 594 4183 spirant
618 4109 749 4160 aunum.

372 4229 404 4325 s.
421 4226 709 4301 MlllDLXXlX.
736 4223 859 4298 Marini
868 4227 949 4298 hora
957 4250 1044 4301 nona
1057 4251 1152 4302 mane
1171 4230 1493 4327 surgunt,interdum
1512 4256 1636 4325 ocyus,
1652 4234 1705 4306 vel
1720 4234 1838 4320 serius,

324 4329 435 4400 leniter
450 4328 491 4398 ad
510 4348 625 4398 terram
640 4323 829 4417 appellunt,
854 4345 892 4395 ac
910 4323 933 4396 ss
950 4348 1022 4396 earn
1039 4326 1213 4422 transgredi
1232 4351 1299 4399 non
1317 4329 1538 4420 auderent,&
1554 4334 1629 4421 quia
1646 4334 1703 4418 ipsi
1718 4331 1838 4421 placidi

321 4424 412 4509 sunt,
428 4447 515 4495 mare
532 4424 673 4492 reddunt
684 4421 848 4512 placidum
859 4471 871 4505 ,
882 4420 938 4495 uel
955 4425 989 4494 in
1005 4446 1117 4516 parvas
1134 4423 1287 4497 suscitant
1304 4425 1423 4497 undas:
1442 4425 1547 4516 elapsa
1564 4426 1723 4499 semihora
1736 4427 1837 4498 insur-

716 4553 718 4558 ·
1755 4541 1837 4618 gunt

393 4624 449 4704 (a)
473 4625 635 4703 Rumph'rus
657 4627 688 4686 in
712 4625 822 4688 Musae
845 4624 984 4690 llrnboin.
1012 4629 1078 4690 le.
1094 4646 1123 4704 3.
1145 4631 1215 4710 Cap.
1231 4636 1280 4696 28.
1310 4629 1506 4713 &Valentyn
1529 4636 1630 4697 Bescb.
1660 4651 1717 4697 vau
1738 4636 1836 4699 Rauda
1966 4679 1969 4684 -

392 4784 449 4862 (b)
472 4721 732 4920 {ffensihueogn
770 4786 845 4852 Seli.
865 4788 915 4848 Vl.
951 4789 1022 4867 cap.
1047 4789 1126 4851 xxl.
1160 4788 1188 4848 b
1218 4789 1381 4855 Memolres
1408 4791 1448 4856 de
1476 4794 1677 4878 Lauguedocq
1704 4798 1783 4864 Part.
1803 4806 1835 4855 a·

387 4939 443 5018 (c)
464 4864 780 5006 Muffiuyggbterran.
800 4945 869 5014 Lib·
882 4959 915 5017 4.
934 4952 1085 5024 paparo·
1162 4961 1177 5020 ,·
1310 4965 1318 4972 ·

1042 5023 1099 5095 Aa
1122 5042 1168 5093 aa
1192 5043 1238 5094 aa
1269 5042 1288 5092 a
