<?xml version="1.0" encoding="UTF-8"?>
<!DOCTYPE html PUBLIC "-//W3C//DTD XHTML 1.0 Transitional//EN"
    "http://www.w3.org/TR/xhtml1/DTD/xhtml1-transitional.dtd">
<html xmlns="http://www.w3.org/1999/xhtml" xml:lang="en" lang="en">
 <head>
  <title>
</title>
<meta http-equiv="Content-Type" content="text/html;charset=utf-8" />
  <meta name='ocr-system' content='tesseract 3.04.00' />
  <meta name='ocr-capabilities' content='ocr_page ocr_carea ocr_par ocr_line ocrx_word'/>
</head>
<body>
  <div class='ocr_page' id='page_1' title='image "./introductioadph00lulogoog_0472.png"; bbox 0 0 4992 6767; ppageno 0'>
   <div class='ocr_carea' id='block_1_1' title="bbox 721 675 1921 820">
    <p class='ocr_par' dir='ltr' id='par_1_1' title="bbox 721 675 1921 820">
     <span class='ocr_line' id='line_1_1' title="bbox 721 675 1921 820; baseline -0.018 -51"><span class='ocrx_word' id='word_1_1' title='bbox 721 675 1208 768; x_wconf 78' lang='lat' dir='ltr'>statronis</span> <span class='ocrx_word' id='word_1_2' title='bbox 1265 676 1620 820; x_wconf 75' lang='lat' dir='ltr'>nauare</span> <span class='ocrx_word' id='word_1_3' title='bbox 1837 693 1921 788; x_wconf 67' lang='lat'>949</span> 
     </span>
    </p>
   </div>
   <div class='ocr_carea' id='block_1_2' title="bbox 328 872 1987 4705">
    <p class='ocr_par' dir='ltr' id='par_1_2' title="bbox 394 872 1918 1063">
     <span class='ocr_line' id='line_1_2' title="bbox 394 872 1918 970; baseline -0.006 -13"><span class='ocrx_word' id='word_1_4' title='bbox 394 884 447 958; x_wconf 81' lang='lat' dir='ltr'>ael</span> <span class='ocrx_word' id='word_1_5' title='bbox 472 877 702 970; x_wconf 82' lang='lat' dir='ltr'>experimentis</span> <span class='ocrx_word' id='word_1_6' title='bbox 724 875 901 948; x_wconf 87' lang='lat' dir='ltr'>roboravit.</span> <span class='ocrx_word' id='word_1_7' title='bbox 953 872 1101 947; x_wconf 90' lang='lat' dir='ltr'>Conatus</span> <span class='ocrx_word' id='word_1_8' title='bbox 1122 872 1183 946; x_wconf 90' lang='lat' dir='ltr'>suit</span> <span class='ocrx_word' id='word_1_9' title='bbox 1208 874 1400 967; x_wconf 87' lang='lat' dir='ltr'>quibusdam</span> <span class='ocrx_word' id='word_1_10' title='bbox 1416 872 1565 949; x_wconf 82' lang='lat' dir='ltr'>remediis</span> <span class='ocrx_word' id='word_1_11' title='bbox 1580 872 1726 968; x_wconf 86' lang='lat' dir='ltr'>diffipa&#39;re</span> <span class='ocrx_word' id='word_1_12' title='bbox 1739 893 1918 968; x_wconf 88' lang='lat' dir='ltr'>vaporem,</span> 
     </span>
     <span class='ocr_line' id='line_1_3' title="bbox 397 970 1119 1063; baseline -0.015 -12"><span class='ocrx_word' id='word_1_13' title='bbox 397 998 452 1051; x_wconf 90' lang='lat' dir='ltr'>aut</span> <span class='ocrx_word' id='word_1_14' title='bbox 478 977 607 1058; x_wconf 85' lang='lat' dir='ltr'>delere,</span> <span class='ocrx_word' id='word_1_15' title='bbox 634 971 688 1044; x_wconf 91' lang='lat' dir='ltr'>sed</span> <span class='ocrx_word' id='word_1_16' title='bbox 706 972 816 1063; x_wconf 87' lang='lat' dir='ltr'>postea</span> <span class='ocrx_word' id='word_1_17' title='bbox 839 970 965 1059; x_wconf 83' lang='lat' dir='ltr'>semper</span> <span class='ocrx_word' id='word_1_18' title='bbox 981 971 1119 1042; x_wconf 88' lang='lat' dir='ltr'>redibat.</span> 
     </span>
    </p>

    <p class='ocr_par' dir='ltr' id='par_1_3' title="bbox 395 1065 1949 1630">
     <span class='ocr_line' id='line_1_4' title="bbox 444 1065 1922 1167; baseline 0.001 -25"><span class='ocrx_word' id='word_1_19' title='bbox 444 1071 590 1167; x_wconf 86' lang='lat' dir='ltr'>Quando</span> <span class='ocrx_word' id='word_1_20' title='bbox 607 1070 781 1164; x_wconf 87' lang='lat' dir='ltr'>contingit,</span> <span class='ocrx_word' id='word_1_21' title='bbox 799 1086 834 1138; x_wconf 89' lang='lat' dir='ltr'>ut</span> <span class='ocrx_word' id='word_1_22' title='bbox 856 1065 973 1157; x_wconf 87' lang='lat' dir='ltr'>aliquis</span> <span class='ocrx_word' id='word_1_23' title='bbox 987 1068 1027 1137; x_wconf 91' lang='lat' dir='ltr'>ab</span> <span class='ocrx_word' id='word_1_24' title='bbox 1044 1066 1143 1138; x_wconf 89' lang='lat' dir='ltr'>halitu</span> <span class='ocrx_word' id='word_1_25' title='bbox 1161 1067 1346 1160; x_wconf 87' lang='lat' dir='ltr'>hujusmodi</span> <span class='ocrx_word' id='word_1_26' title='bbox 1360 1065 1551 1156; x_wconf 86' lang='lat' dir='ltr'>suffocetur,</span> <span class='ocrx_word' id='word_1_27' title='bbox 1578 1065 1689 1164; x_wconf 81' lang='lat' dir='ltr'>&amp;jam</span> <span class='ocrx_word' id='word_1_28' title='bbox 1703 1070 1849 1144; x_wconf 88' lang='lat' dir='ltr'>videatur</span> <span class='ocrx_word' id='word_1_29' title='bbox 1864 1093 1922 1144; x_wconf 87' lang='lat' dir='ltr'>ex·</span> 
     </span>
     <span class='ocr_line' id='line_1_5' title="bbox 395 1164 1923 1257; baseline -0.002 -14"><span class='ocrx_word' id='word_1_30' title='bbox 395 1177 512 1244; x_wconf 78' lang='lat' dir='ltr'>rioilus</span> <span class='ocrx_word' id='word_1_31' title='bbox 530 1219 541 1249; x_wconf 87' lang='lat'>‚</span> <span class='ocrx_word' id='word_1_32' title='bbox 576 1165 701 1237; x_wconf 90' lang='lat' dir='ltr'>nullum</span> <span class='ocrx_word' id='word_1_33' title='bbox 729 1164 786 1244; x_wconf 76' lang='lat' dir='ltr'>¹eli</span> <span class='ocrx_word' id='word_1_34' title='bbox 807 1165 1067 1236; x_wconf 89' lang='lat' dir='ltr'>commendatius</span> <span class='ocrx_word' id='word_1_35' title='bbox 1092 1166 1300 1250; x_wconf 86' lang='lat' dir='ltr'>remedium,</span> <span class='ocrx_word' id='word_1_36' title='bbox 1326 1187 1423 1257; x_wconf 92' lang='lat' dir='ltr'>quam</span> <span class='ocrx_word' id='word_1_37' title='bbox 1439 1186 1474 1237; x_wconf 91' lang='lat' dir='ltr'>ut</span> <span class='ocrx_word' id='word_1_38' title='bbox 1492 1165 1647 1239; x_wconf 86' lang='lat' dir='ltr'>Medicus</span> <span class='ocrx_word' id='word_1_39' title='bbox 1665 1172 1830 1254; x_wconf 82' lang='lat' dir='ltr'>animam,</span> <span class='ocrx_word' id='word_1_40' title='bbox 1857 1170 1923 1240; x_wconf 87' lang='lat' dir='ltr'>five</span> 
     </span>
     <span class='ocr_line' id='line_1_6' title="bbox 398 1260 1924 1355; baseline -0.001 -17"><span class='ocrx_word' id='word_1_41' title='bbox 398 1270 511 1341; x_wconf 76' lang='lat' dir='ltr'>adrem</span> <span class='ocrx_word' id='word_1_42' title='bbox 541 1286 617 1336; x_wconf 89' lang='lat' dir='ltr'>curn</span> <span class='ocrx_word' id='word_1_43' title='bbox 647 1266 771 1352; x_wconf 91' lang='lat' dir='ltr'>impetu</span> <span class='ocrx_word' id='word_1_44' title='bbox 801 1260 932 1350; x_wconf 90' lang='lat' dir='ltr'>inspiret</span> <span class='ocrx_word' id='word_1_45' title='bbox 962 1263 996 1330; x_wconf 92' lang='lat' dir='ltr'>in</span> <span class='ocrx_word' id='word_1_46' title='bbox 1028 1282 1067 1331; x_wconf 93' lang='lat' dir='ltr'>os</span> <span class='ocrx_word' id='word_1_47' title='bbox 1092 1265 1241 1344; x_wconf 82' lang='lat' dir='ltr'>mortui,</span> <span class='ocrx_word' id='word_1_48' title='bbox 1272 1262 1308 1335; x_wconf 72' lang='grc' dir='ltr'>δι</span> <span class='ocrx_word' id='word_1_49' title='bbox 1329 1265 1522 1352; x_wconf 84' lang='lat' dir='ltr'>aliquoties:</span> <span class='ocrx_word' id='word_1_50' title='bbox 1558 1267 1602 1334; x_wconf 91' lang='lat' dir='ltr'>ita</span> <span class='ocrx_word' id='word_1_51' title='bbox 1631 1268 1718 1336; x_wconf 90' lang='lat' dir='ltr'>enim</span> <span class='ocrx_word' id='word_1_52' title='bbox 1740 1263 1823 1355; x_wconf 89' lang='lat' dir='ltr'>saepe</span> <span class='ocrx_word' id='word_1_53' title='bbox 1847 1286 1924 1338; x_wconf 87' lang='lat' dir='ltr'>eve·</span> 
     </span>
     <span class='ocr_line' id='line_1_7' title="bbox 396 1355 1949 1454; baseline -0.001 -18"><span class='ocrx_word' id='word_1_54' title='bbox 396 1370 471 1448; x_wconf 88' lang='lat' dir='ltr'>nit,</span> <span class='ocrx_word' id='word_1_55' title='bbox 515 1383 550 1433; x_wconf 89' lang='lat' dir='ltr'>ut</span> <span class='ocrx_word' id='word_1_56' title='bbox 583 1379 713 1431; x_wconf 89' lang='lat' dir='ltr'>mortuo</span> <span class='ocrx_word' id='word_1_57' title='bbox 750 1358 886 1446; x_wconf 89' lang='lat' dir='ltr'>incipiat</span> <span class='ocrx_word' id='word_1_58' title='bbox 918 1356 1100 1428; x_wconf 82' lang='lat' dir='ltr'>resuscitari·</span> <span class='ocrx_word' id='word_1_59' title='bbox 1126 1380 1233 1430; x_wconf 87' lang='lat' dir='ltr'>nrotus</span> <span class='ocrx_word' id='word_1_60' title='bbox 1264 1359 1464 1432; x_wconf 85' lang='lat' dir='ltr'>Pulmonum</span> <span class='ocrx_word' id='word_1_61' title='bbox 1499 1355 1535 1429; x_wconf 77' lang='lat' dir='ltr'>dt</span> <span class='ocrx_word' id='word_1_62' title='bbox 1559 1359 1714 1445; x_wconf 81' lang='lat' dir='ltr'>Caedis,</span> <span class='ocrx_word' id='word_1_63' title='bbox 1747 1364 1949 1454; x_wconf 75' lang='lat' dir='ltr'>redeatque·</span> 
     </span>
     <span class='ocr_line' id='line_1_8' title="bbox 397 1453 1922 1553; baseline -0.003 -18"><span class='ocrx_word' id='word_1_64' title='bbox 397 1461 516 1535; x_wconf 89' lang='lat' dir='ltr'>deinde</span> <span class='ocrx_word' id='word_1_65' title='bbox 542 1459 605 1532; x_wconf 91' lang='lat' dir='ltr'>vita</span> <span class='ocrx_word' id='word_1_66' title='bbox 622 1479 646 1553; x_wconf 74' lang='grc' dir='ltr'>ιΙ</span> <span class='ocrx_word' id='word_1_67' title='bbox 665 1455 731 1528; x_wconf 92' lang='lat' dir='ltr'>hoc</span> <span class='ocrx_word' id='word_1_68' title='bbox 762 1455 866 1524; x_wconf 91' lang='lat' dir='ltr'>modo</span> <span class='ocrx_word' id='word_1_69' title='bbox 897 1456 939 1526; x_wconf 91' lang='lat' dir='ltr'>iu.</span> <span class='ocrx_word' id='word_1_70' title='bbox 956 1453 1068 1525; x_wconf 87' lang='lat' dir='ltr'>Scotia</span> <span class='ocrx_word' id='word_1_71' title='bbox 1094 1455 1198 1526; x_wconf 89' lang='lat' dir='ltr'>homo</span> <span class='ocrx_word' id='word_1_72' title='bbox 1222 1455 1464 1529; x_wconf 81' lang='lat' dir='ltr'>suffocatut&#39;ab</span> <span class='ocrx_word' id='word_1_73' title='bbox 1487 1456 1742 1531; x_wconf 73' lang='lat' dir='ltr'>exhalationibus</span> <span class='ocrx_word' id='word_1_74' title='bbox 1765 1463 1799 1532; x_wconf 90' lang='lat' dir='ltr'>in</span> <span class='ocrx_word' id='word_1_75' title='bbox 1823 1464 1922 1533; x_wconf 72' lang='lat' dir='ltr'>utam</span> 
     </span>
     <span class='ocr_line' id='line_1_9' title="bbox 398 1559 504 1630; baseline -0.019 -1"><span class='ocrx_word' id='word_1_76' title='bbox 398 1559 504 1630; x_wconf 88' lang='lat' dir='ltr'>rediit.</span> 
     </span>
    </p>

    <p class='ocr_par' dir='ltr' id='par_1_4' title="bbox 446 1648 1924 1750">
     <span class='ocr_line' id='line_1_10' title="bbox 446 1648 1924 1750; baseline 0.001 -24"><span class='ocrx_word' id='word_1_77' title='bbox 446 1654 650 1727; x_wconf 81' lang='lat' dir='ltr'>Btotsallius-</span> <span class='ocrx_word' id='word_1_78' title='bbox 667 1656 700 1722; x_wconf 94' lang='lat' dir='ltr'>in</span> <span class='ocrx_word' id='word_1_79' title='bbox 725 1652 816 1722; x_wconf 73' lang='lat' dir='ltr'>Adsis</span> <span class='ocrx_word' id='word_1_80' title='bbox 840 1648 1053 1720; x_wconf 85' lang='lat' dir='ltr'>Scientiatum</span> <span class='ocrx_word' id='word_1_81' title='bbox 1075 1650 1218 1723; x_wconf 89' lang='lat' dir='ltr'>Suecicis</span> <span class='ocrx_word' id='word_1_82' title='bbox 1239 1653 1330 1723; x_wconf 89' lang='lat' dir='ltr'>dedit</span> <span class='ocrx_word' id='word_1_83' title='bbox 1349 1652 1598 1745; x_wconf 85' lang='lat' dir='ltr'>descriptionem</span> <span class='ocrx_word' id='word_1_84' title='bbox 1613 1656 1744 1745; x_wconf 86' lang='lat' dir='ltr'>vaporis</span> <span class='ocrx_word' id='word_1_85' title='bbox 1769 1654 1924 1750; x_wconf 86' lang='lat' dir='ltr'>lethalis,&#39;</span> 
     </span>
    </p>

    <p class='ocr_par' dir='ltr' id='par_1_5' title="bbox 328 1746 1987 2988">
     <span class='ocr_line' id='line_1_11' title="bbox 400 1746 1924 1848; baseline -0.001 -25"><span class='ocrx_word' id='word_1_86' title='bbox 400 1755 455 1844; x_wconf 90' lang='lat' dir='ltr'>qui</span> <span class='ocrx_word' id='word_1_87' title='bbox 471 1752 517 1822; x_wconf 80' lang='lat' dir='ltr'>eli</span> <span class='ocrx_word' id='word_1_88' title='bbox 536 1756 569 1822; x_wconf 94' lang='lat' dir='ltr'>in</span> <span class='ocrx_word' id='word_1_89' title='bbox 582 1750 694 1821; x_wconf 87' lang='lat' dir='ltr'>sodina</span> <span class='ocrx_word' id='word_1_90' title='bbox 717 1746 892 1843; x_wconf 82' lang='lat' dir='ltr'>Notvagiae</span> <span class='ocrx_word' id='word_1_91' title='bbox 917 1747 1084 1848; x_wconf 65' lang='lat' dir='ltr'>Questus.</span> <span class='ocrx_word' id='word_1_92' title='bbox 1114 1747 1240 1818; x_wconf 88' lang='lat' dir='ltr'>innatat</span> <span class='ocrx_word' id='word_1_93' title='bbox 1256 1747 1435 1838; x_wconf 85' lang='lat' dir='ltr'>superficiei</span> <span class='ocrx_word' id='word_1_94' title='bbox 1449 1773 1564 1840; x_wconf 84' lang='lat' dir='ltr'>aquae,</span> <span class='ocrx_word' id='word_1_95' title='bbox 1589 1754 1730 1841; x_wconf 89' lang='lat' dir='ltr'>repentis</span> <span class='ocrx_word' id='word_1_96' title='bbox 1744 1750 1924 1839; x_wconf 72' lang='lat' dir='ltr'>instdina,</span> 
     </span>
     <span class='ocr_line' id='line_1_12' title="bbox 400 1841 1929 1941; baseline 0 -21"><span class='ocrx_word' id='word_1_97' title='bbox 400 1848 572 1941; x_wconf 85' lang='lat' dir='ltr'>pellicula,</span> <span class='ocrx_word' id='word_1_98' title='bbox 599 1869 673 1936; x_wconf 86' lang='lat' dir='ltr'>quae</span> <span class='ocrx_word' id='word_1_99' title='bbox 693 1845 811 1916; x_wconf 90' lang='lat' dir='ltr'>dicitur</span> <span class='ocrx_word' id='word_1_100' title='bbox 836 1841 981 1926; x_wconf 81' lang='lat' dir='ltr'>lethalis,</span> <span class='ocrx_word' id='word_1_101' title='bbox 1006 1845 1026 1912; x_wconf 84' lang='lat' dir='ltr'>i</span> <span class='ocrx_word' id='word_1_102' title='bbox 1044 1847 1115 1934; x_wconf 93' lang='lat' dir='ltr'>quis</span> <span class='ocrx_word' id='word_1_103' title='bbox 1132 1865 1202 1914; x_wconf 89' lang='lat' dir='ltr'>earn</span> <span class='ocrx_word' id='word_1_104' title='bbox 1218 1845 1340 1914; x_wconf 82' lang='lat' dir='ltr'>baculo</span> <span class='ocrx_word' id='word_1_105' title='bbox 1357 1843 1505 1940; x_wconf 85' lang='lat' dir='ltr'>hangere</span> <span class='ocrx_word' id='word_1_106' title='bbox 1521 1847 1652 1917; x_wconf 81' lang='lat' dir='ltr'>audeat-t</span> <span class='ocrx_word' id='word_1_107' title='bbox 1682 1846 1815 1919; x_wconf 78' lang='lat' dir='ltr'>tradiutr</span> <span class='ocrx_word' id='word_1_108' title='bbox 1827 1847 1929 1920; x_wconf 89' lang='lat' dir='ltr'>histo·</span> 
     </span>
     <span class='ocr_line' id='line_1_13' title="bbox 399 1940 1987 2030; baseline 0 -14"><span class='ocrx_word' id='word_1_109' title='bbox 399 1948 446 2016; x_wconf 91' lang='lat' dir='ltr'>ria</span> <span class='ocrx_word' id='word_1_110' title='bbox 474 1949 569 2016; x_wconf 89' lang='lat' dir='ltr'>trium</span> <span class='ocrx_word' id='word_1_111' title='bbox 595 1942 750 2015; x_wconf 83' lang='lat' dir='ltr'>solsorurn</span> <span class='ocrx_word' id='word_1_112' title='bbox 766 1940 873 2011; x_wconf 89' lang='lat' dir='ltr'>subito</span> <span class='ocrx_word' id='word_1_113' title='bbox 896 1963 914 2009; x_wconf 92' lang='lat' dir='ltr'>a</span> <span class='ocrx_word' id='word_1_114' title='bbox 938 1957 1057 2030; x_wconf 89' lang='lat' dir='ltr'>vapore</span> <span class='ocrx_word' id='word_1_115' title='bbox 1085 1943 1331 2011; x_wconf 89' lang='lat' dir='ltr'>interemtorum</span> <span class='ocrx_word' id='word_1_116' title='bbox 1357 1963 1366 2007; x_wconf 92' lang='lat'><strong>:</strong></span> <span class='ocrx_word' id='word_1_117' title='bbox 1395 1962 1535 2030; x_wconf 91' lang='lat' dir='ltr'>quorum</span> <span class='ocrx_word' id='word_1_118' title='bbox 1568 1942 1721 2013; x_wconf 88' lang='lat' dir='ltr'>cadavera</span> <span class='ocrx_word' id='word_1_119' title='bbox 1746 1943 1928 2017; x_wconf 88' lang='lat' dir='ltr'>manserunt</span> <span class='ocrx_word' id='word_1_120' title='bbox 1983 1979 1987 1986; x_wconf 89' lang='lat'>·</span> 
     </span>
     <span class='ocr_line' id='line_1_14' title="bbox 400 2035 1930 2131; baseline -0.001 -19"><span class='ocrx_word' id='word_1_121' title='bbox 400 2039 539 2124; x_wconf 86' lang='lat' dir='ltr'>flexilia,</span> <span class='ocrx_word' id='word_1_122' title='bbox 566 2062 603 2110; x_wconf 93' lang='lat' dir='ltr'>ac</span> <span class='ocrx_word' id='word_1_123' title='bbox 620 2040 640 2108; x_wconf 83' lang='lat' dir='ltr'>s</span> <span class='ocrx_word' id='word_1_124' title='bbox 658 2042 820 2121; x_wconf 83' lang='lat' dir='ltr'>viverent,</span> <span class='ocrx_word' id='word_1_125' title='bbox 846 2055 957 2106; x_wconf 86' lang='lat' dir='ltr'>vetum</span> <span class='ocrx_word' id='word_1_126' title='bbox 976 2057 1017 2105; x_wconf 89' lang='lat' dir='ltr'>ex</span> <span class='ocrx_word' id='word_1_127' title='bbox 1034 2058 1091 2108; x_wconf 89' lang='lat' dir='ltr'>ore</span> <span class='ocrx_word' id='word_1_128' title='bbox 1109 2040 1249 2107; x_wconf 85' lang='lat' dir='ltr'>evolavit</span> <span class='ocrx_word' id='word_1_129' title='bbox 1273 2035 1372 2107; x_wconf 85' lang='lat' dir='ltr'>soetor</span> <span class='ocrx_word' id='word_1_130' title='bbox 1387 2037 1616 2107; x_wconf 88' lang='lat' dir='ltr'>intolerabilis:</span> <span class='ocrx_word' id='word_1_131' title='bbox 1642 2058 1744 2128; x_wconf 87' lang='lat' dir='ltr'>vapor</span> <span class='ocrx_word' id='word_1_132' title='bbox 1765 2039 1858 2110; x_wconf 88' lang='lat' dir='ltr'>labiis</span> <span class='ocrx_word' id='word_1_133' title='bbox 1871 2063 1930 2131; x_wconf 88' lang='lat' dir='ltr'>ap·</span> 
     </span>
     <span class='ocr_line' id='line_1_15' title="bbox 398 2132 1657 2229; baseline -0.006 -20"><span class='ocrx_word' id='word_1_134' title='bbox 398 2139 534 2229; x_wconf 81' lang='lat' dir='ltr'>plicatus</span> <span class='ocrx_word' id='word_1_135' title='bbox 558 2136 603 2205; x_wconf 91' lang='lat' dir='ltr'>est</span> <span class='ocrx_word' id='word_1_136' title='bbox 627 2135 745 2224; x_wconf 86' lang='lat' dir='ltr'>saporis</span> <span class='ocrx_word' id='word_1_137' title='bbox 767 2153 906 2223; x_wconf 87' lang='lat' dir='ltr'>expers;</span> <span class='ocrx_word' id='word_1_138' title='bbox 935 2135 969 2206; x_wconf 90' lang='lat' dir='ltr'>in</span> <span class='ocrx_word' id='word_1_139' title='bbox 993 2155 1035 2203; x_wconf 88' lang='lat' dir='ltr'>eo</span> <span class='ocrx_word' id='word_1_140' title='bbox 1058 2134 1293 2226; x_wconf 85' lang='lat' dir='ltr'>extinguuntur</span> <span class='ocrx_word' id='word_1_141' title='bbox 1312 2132 1657 2221; x_wconf 86' lang='lat' dir='ltr'>extemploeandelae.</span> 
     </span>
     <span class='ocr_line' id='line_1_16' title="bbox 397 2225 1927 2323; baseline -0.001 -17"><span class='ocrx_word' id='word_1_142' title='bbox 397 2299 402 2306; x_wconf 94' lang='lat'>.</span> <span class='ocrx_word' id='word_1_143' title='bbox 448 2233 530 2304; x_wconf 89' lang='lat' dir='ltr'>Sunt</span> <span class='ocrx_word' id='word_1_144' title='bbox 549 2253 682 2323; x_wconf 90' lang='lat' dir='ltr'>quoque</span> <span class='ocrx_word' id='word_1_145' title='bbox 700 2230 817 2300; x_wconf 85' lang='lat' dir='ltr'>halitus</span> <span class='ocrx_word' id='word_1_146' title='bbox 833 2228 967 2298; x_wconf 81' lang='lat' dir='ltr'>lethales</span> <span class='ocrx_word' id='word_1_147' title='bbox 984 2251 1088 2316; x_wconf 91' lang='lat' dir='ltr'>prope</span> <span class='ocrx_word' id='word_1_148' title='bbox 1107 2225 1333 2314; x_wconf 85' lang='lat' dir='ltr'>hionspeliutn</span> <span class='ocrx_word' id='word_1_149' title='bbox 1351 2230 1384 2294; x_wconf 93' lang='lat' dir='ltr'>in</span> <span class='ocrx_word' id='word_1_150' title='bbox 1399 2226 1653 2298; x_wconf 85' lang='lat' dir='ltr'>loeol’erraults</span> <span class='ocrx_word' id='word_1_151' title='bbox 1668 2228 1778 2300; x_wconf 81' lang='lat' dir='ltr'>dieto:</span> <span class='ocrx_word' id='word_1_152' title='bbox 1795 2232 1927 2321; x_wconf 88' lang='lat' dir='ltr'>quando</span> 
     </span>
     <span class='ocr_line' id='line_1_17' title="bbox 398 2320 1930 2415; baseline -0.003 -13"><span class='ocrx_word' id='word_1_153' title='bbox 398 2333 433 2402; x_wconf 89' lang='lat' dir='ltr'>in</span> <span class='ocrx_word' id='word_1_154' title='bbox 458 2328 560 2398; x_wconf 88' lang='lat' dir='ltr'>solum</span> <span class='ocrx_word' id='word_1_155' title='bbox 586 2329 693 2413; x_wconf 85' lang='lat' dir='ltr'>pluvia</span> <span class='ocrx_word' id='word_1_156' title='bbox 719 2326 833 2403; x_wconf 75' lang='lat' dir='ltr'>tadu,</span> <span class='ocrx_word' id='word_1_157' title='bbox 869 2321 972 2390; x_wconf 90' lang='lat' dir='ltr'>sulum</span> <span class='ocrx_word' id='word_1_158' title='bbox 995 2321 1137 2408; x_wconf 77' lang='lat' dir='ltr'>ebullit:¹</span> <span class='ocrx_word' id='word_1_159' title='bbox 1161 2321 1182 2389; x_wconf 92' lang='lat' dir='ltr'>sr</span> <span class='ocrx_word' id='word_1_160' title='bbox 1206 2325 1240 2389; x_wconf 92' lang='lat' dir='ltr'>in</span> <span class='ocrx_word' id='word_1_161' title='bbox 1266 2321 1357 2390; x_wconf 92' lang='lat' dir='ltr'>illud·</span> <span class='ocrx_word' id='word_1_162' title='bbox 1372 2320 1443 2390; x_wconf 89' lang='lat' dir='ltr'>duo</span> <span class='ocrx_word' id='word_1_163' title='bbox 1464 2320 1550 2391; x_wconf 91' lang='lat' dir='ltr'>dolia</span> <span class='ocrx_word' id='word_1_164' title='bbox 1573 2322 1666 2412; x_wconf 90' lang='lat' dir='ltr'>supra</span> <span class='ocrx_word' id='word_1_165' title='bbox 1688 2323 1719 2393; x_wconf 91' lang='lat' dir='ltr'>se</span> <span class='ocrx_word' id='word_1_166' title='bbox 1745 2346 1930 2415; x_wconf 83' lang='lat' dir='ltr'>ponantur,</span> 
     </span>
     <span class='ocr_line' id='line_1_18' title="bbox 399 2413 1930 2516; baseline -0.001 -21"><span class='ocrx_word' id='word_1_167' title='bbox 399 2445 502 2516; x_wconf 86' lang='lat' dir='ltr'>uapor</span> <span class='ocrx_word' id='word_1_168' title='bbox 528 2421 727 2512; x_wconf 89' lang='lat' dir='ltr'>pedetentim</span> <span class='ocrx_word' id='word_1_169' title='bbox 749 2438 788 2484; x_wconf 90' lang='lat' dir='ltr'>ea</span> <span class='ocrx_word' id='word_1_170' title='bbox 815 2413 950 2503; x_wconf 81' lang='lat' dir='ltr'>implet,</span> <span class='ocrx_word' id='word_1_171' title='bbox 976 2433 1073 2502; x_wconf 88' lang='lat' dir='ltr'>atque</span> <span class='ocrx_word' id='word_1_172' title='bbox 1098 2416 1199 2483; x_wconf 88' lang='lat' dir='ltr'>uideri</span> <span class='ocrx_word' id='word_1_173' title='bbox 1214 2416 1339 2502; x_wconf 85' lang='lat' dir='ltr'>potest,</span> <span class='ocrx_word' id='word_1_174' title='bbox 1364 2418 1441 2488; x_wconf 77' lang='lat' dir='ltr'>ae&#39;re</span> <span class='ocrx_word' id='word_1_175' title='bbox 1465 2420 1498 2487; x_wconf 93' lang='lat' dir='ltr'>in</span> <span class='ocrx_word' id='word_1_176' title='bbox 1519 2418 1613 2488; x_wconf 87' lang='lat' dir='ltr'>doliis</span> <span class='ocrx_word' id='word_1_177' title='bbox 1636 2422 1742 2490; x_wconf 89' lang='lat' dir='ltr'>miuus</span> <span class='ocrx_word' id='word_1_178' title='bbox 1763 2420 1930 2511; x_wconf 90' lang='lat' dir='ltr'>pellucen·</span> 
     </span>
     <span class='ocr_line' id='line_1_19' title="bbox 401 2507 1931 2610; baseline 0.003 -23"><span class='ocrx_word' id='word_1_179' title='bbox 401 2543 455 2602; x_wconf 80' lang='lat' dir='ltr'>te,</span> <span class='ocrx_word' id='word_1_180' title='bbox 477 2538 575 2607; x_wconf 91' lang='lat' dir='ltr'>quam</span> <span class='ocrx_word' id='word_1_181' title='bbox 594 2515 650 2584; x_wconf 90' lang='lat' dir='ltr'>sub</span> <span class='ocrx_word' id='word_1_182' title='bbox 669 2514 737 2583; x_wconf 93' lang='lat' dir='ltr'>dio.</span> <span class='ocrx_word' id='word_1_183' title='bbox 787 2507 852 2579; x_wconf 91' lang='lat' dir='ltr'>Hic</span> <span class='ocrx_word' id='word_1_184' title='bbox 870 2533 970 2608; x_wconf 85' lang='lat' dir='ltr'>vapor</span> <span class='ocrx_word' id='word_1_185' title='bbox 989 2511 1101 2605; x_wconf 86' lang='lat' dir='ltr'>colligi</span> <span class='ocrx_word' id='word_1_186' title='bbox 1117 2510 1232 2598; x_wconf 85' lang='lat' dir='ltr'>potest·</span> <span class='ocrx_word' id='word_1_187' title='bbox 1244 2513 1278 2580; x_wconf 93' lang='lat' dir='ltr'>in</span> <span class='ocrx_word' id='word_1_188' title='bbox 1301 2513 1413 2607; x_wconf 85' lang='lat' dir='ltr'>lagena</span> <span class='ocrx_word' id='word_1_189' title='bbox 1430 2512 1514 2610; x_wconf 85' lang='lat' dir='ltr'>gulae</span> <span class='ocrx_word' id='word_1_190' title='bbox 1532 2516 1718 2604; x_wconf 78' lang='lat' dir='ltr'>amplioris.</span> <span class='ocrx_word' id='word_1_191' title='bbox 1745 2539 1808 2607; x_wconf 90' lang='lat' dir='ltr'>qua</span> <span class='ocrx_word' id='word_1_192' title='bbox 1824 2520 1931 2592; x_wconf 85' lang='lat' dir='ltr'>clausa</span> 
     </span>
     <span class='ocr_line' id='line_1_20' title="bbox 404 2605 1944 2701; baseline 0.001 -16"><span class='ocrx_word' id='word_1_193' title='bbox 404 2617 472 2685; x_wconf 93' lang='lat' dir='ltr'>diu.</span> <span class='ocrx_word' id='word_1_194' title='bbox 484 2615 637 2684; x_wconf 84' lang='lat' dir='ltr'>servatur:</span> <span class='ocrx_word' id='word_1_195' title='bbox 663 2609 810 2679; x_wconf 87' lang='lat' dir='ltr'>iiautem</span> <span class='ocrx_word' id='word_1_196' title='bbox 834 2605 1018 2678; x_wconf 87' lang='lat' dir='ltr'>effundatur</span> <span class='ocrx_word' id='word_1_197' title='bbox 1034 2629 1073 2677; x_wconf 88' lang='lat' dir='ltr'>ex</span> <span class='ocrx_word' id='word_1_198' title='bbox 1091 2608 1252 2700; x_wconf 89' lang='lat' dir='ltr'>lagena-in</span> <span class='ocrx_word' id='word_1_199' title='bbox 1274 2608 1438 2701; x_wconf 86' lang='lat' dir='ltr'>lagenam,</span> <span class='ocrx_word' id='word_1_200' title='bbox 1465 2611 1543 2681; x_wconf 91' lang='lat' dir='ltr'>nihil</span> <span class='ocrx_word' id='word_1_201' title='bbox 1562 2610 1691 2684; x_wconf 88' lang='lat' dir='ltr'>effluere</span> <span class='ocrx_word' id='word_1_202' title='bbox 1706 2614 1848 2687; x_wconf 88' lang='lat' dir='ltr'>videtur:</span> <span class='ocrx_word' id='word_1_203' title='bbox 1874 2616 1944 2687; x_wconf 84' lang='lat' dir='ltr'>sed-</span> 
     </span>
     <span class='ocr_line' id='line_1_21' title="bbox 328 2703 1929 2805; baseline 0.002 -24"><span class='ocrx_word' id='word_1_204' title='bbox 328 2755 332 2760; x_wconf 97' lang='grc'>-</span> <span class='ocrx_word' id='word_1_205' title='bbox 403 2708 548 2783; x_wconf 84' lang='lat' dir='ltr'>immissae</span> <span class='ocrx_word' id='word_1_206' title='bbox 575 2705 719 2779; x_wconf 72' lang='lat' dir='ltr'>candela</span> <span class='ocrx_word' id='word_1_207' title='bbox 744 2705 892 2775; x_wconf 87' lang='lat' dir='ltr'>ardentes</span> <span class='ocrx_word' id='word_1_208' title='bbox 913 2725 1017 2794; x_wconf 90' lang='lat' dir='ltr'>usque</span> <span class='ocrx_word' id='word_1_209' title='bbox 1042 2704 1083 2774; x_wconf 89' lang='lat' dir='ltr'>ad</span> <span class='ocrx_word' id='word_1_210' title='bbox 1107 2703 1244 2778; x_wconf 86' lang='lat' dir='ltr'>fundunt</span> <span class='ocrx_word' id='word_1_211' title='bbox 1272 2707 1527 2797; x_wconf 65' lang='lat' dir='ltr'>extinguuntur</span> <span class='ocrx_word' id='word_1_212' title='bbox 1563 2709 1640 2781; x_wconf 87' lang='lat' dir='ltr'>lieet</span> <span class='ocrx_word' id='word_1_213' title='bbox 1666 2710 1781 2804; x_wconf 87' lang='lat' dir='ltr'>lagena</span> <span class='ocrx_word' id='word_1_214' title='bbox 1802 2715 1929 2805; x_wconf 87' lang='lat' dir='ltr'>aliquot</span> 
     </span>
     <span class='ocr_line' id='line_1_22' title="bbox 404 2799 1931 2966; baseline -0.003 -88"><span class='ocrx_word' id='word_1_215' title='bbox 404 2808 567 2878; x_wconf 75' lang='lat' dir='ltr'>menibus</span> <span class='ocrx_word' id='word_1_216' title='bbox 589 2824 697 2894; x_wconf 89' lang='lat' dir='ltr'>aperta</span> <span class='ocrx_word' id='word_1_217' title='bbox 711 2801 828 2884; x_wconf 83' lang='lat' dir='ltr'>fuerit.</span> <span class='ocrx_word' id='word_1_218' title='bbox 854 2800 961 2893; x_wconf 73' lang='lat' dir='ltr'>injecti</span> <span class='ocrx_word' id='word_1_219' title='bbox 987 2819 1117 2885; x_wconf 87' lang='lat' dir='ltr'>mures,</span> <span class='ocrx_word' id='word_1_220' title='bbox 1145 2799 1334 2966; x_wconf 54' lang='lat' dir='ltr'>giresque,</span> <span class='ocrx_word' id='word_1_221' title='bbox 1361 2819 1505 2870; x_wconf 80' lang='lat' dir='ltr'>auteres</span> <span class='ocrx_word' id='word_1_222' title='bbox 1523 2799 1670 2871; x_wconf 89' lang='lat' dir='ltr'>celeriter</span> <span class='ocrx_word' id='word_1_223' title='bbox 1693 2810 1931 2886; x_wconf 69' lang='lat' dir='ltr'>examinantur,</span> 
     </span>
     <span class='ocr_line' id='line_1_23' title="bbox 404 2897 1595 2988; baseline -0.007 -14"><span class='ocrx_word' id='word_1_224' title='bbox 404 2902 630 2975; x_wconf 90' lang='lat' dir='ltr'>Nihilominus</span> <span class='ocrx_word' id='word_1_225' title='bbox 654 2920 754 2988; x_wconf 85' lang='lat' dir='ltr'>vapor</span> <span class='ocrx_word' id='word_1_226' title='bbox 780 2898 825 2967; x_wconf 88' lang='lat' dir='ltr'>est</span> <span class='ocrx_word' id='word_1_227' title='bbox 842 2898 962 2968; x_wconf 92' lang='lat' dir='ltr'>nullius</span> <span class='ocrx_word' id='word_1_228' title='bbox 988 2899 1122 2982; x_wconf 89' lang='lat' dir='ltr'>odoris,</span> <span class='ocrx_word' id='word_1_229' title='bbox 1161 2898 1202 2967; x_wconf 92' lang='lat' dir='ltr'>ed</span> <span class='ocrx_word' id='word_1_230' title='bbox 1218 2898 1338 2987; x_wconf 91' lang='lat' dir='ltr'>saporis</span> <span class='ocrx_word' id='word_1_231' title='bbox 1362 2916 1474 2986; x_wconf 88' lang='lat' dir='ltr'>parunt</span> <span class='ocrx_word' id='word_1_232' title='bbox 1499 2897 1595 2966; x_wconf 91' lang='lat' dir='ltr'>acidi.</span> 
     </span>
    </p>

    <p class='ocr_par' dir='ltr' id='par_1_6' title="bbox 402 2992 1932 3262">
     <span class='ocr_line' id='line_1_24' title="bbox 457 2992 1932 3089; baseline 0.003 -23"><span class='ocrx_word' id='word_1_233' title='bbox 457 2995 651 3089; x_wconf 86' lang='lat' dir='ltr'>Hujusnrodi</span> <span class='ocrx_word' id='word_1_234' title='bbox 676 2994 845 3082; x_wconf 86' lang='lat' dir='ltr'>Mephytis</span> <span class='ocrx_word' id='word_1_235' title='bbox 870 2994 1006 3063; x_wconf 89' lang='lat' dir='ltr'>reddere</span> <span class='ocrx_word' id='word_1_236' title='bbox 1034 2992 1114 3063; x_wconf 87' lang='lat' dir='ltr'>solet</span> <span class='ocrx_word' id='word_1_237' title='bbox 1133 2996 1241 3064; x_wconf 84' lang='lat' dir='ltr'>a‘e&#39;rem</span> <span class='ocrx_word' id='word_1_238' title='bbox 1267 3015 1334 3062; x_wconf 93' lang='lat' dir='ltr'>non</span> <span class='ocrx_word' id='word_1_239' title='bbox 1361 2992 1534 3076; x_wconf 87' lang='lat' dir='ltr'>sonorum,</span> <span class='ocrx_word' id='word_1_240' title='bbox 1559 2992 1643 3063; x_wconf 90' lang='lat' dir='ltr'>adeo</span> <span class='ocrx_word' id='word_1_241' title='bbox 1668 3015 1703 3065; x_wconf 88' lang='lat' dir='ltr'>ut</span> <span class='ocrx_word' id='word_1_242' title='bbox 1727 2996 1807 3067; x_wconf 91' lang='lat' dir='ltr'>seles</span> <span class='ocrx_word' id='word_1_243' title='bbox 1822 2998 1932 3071; x_wconf 90' lang='lat' dir='ltr'>horni-</span> 
     </span>
     <span class='ocr_line' id='line_1_25' title="bbox 402 3089 1930 3182; baseline 0.001 -14"><span class='ocrx_word' id='word_1_244' title='bbox 402 3115 501 3168; x_wconf 87' lang='lat' dir='ltr'>nesue</span> <span class='ocrx_word' id='word_1_245' title='bbox 524 3096 557 3165; x_wconf 91' lang='lat' dir='ltr'>in</span> <span class='ocrx_word' id='word_1_246' title='bbox 579 3089 762 3182; x_wconf 87' lang='lat' dir='ltr'>hujusmodi</span> <span class='ocrx_word' id='word_1_247' title='bbox 781 3107 899 3177; x_wconf 86' lang='lat' dir='ltr'>puteos</span> <span class='ocrx_word' id='word_1_248' title='bbox 925 3090 1030 3178; x_wconf 78' lang='lat' dir='ltr'>illapsi·</span> <span class='ocrx_word' id='word_1_249' title='bbox 1048 3091 1187 3159; x_wconf 86' lang='lat' dir='ltr'>clamare</span> <span class='ocrx_word' id='word_1_250' title='bbox 1210 3109 1278 3160; x_wconf 89' lang='lat' dir='ltr'>non</span> <span class='ocrx_word' id='word_1_251' title='bbox 1302 3091 1490 3177; x_wconf 81' lang='lat' dir='ltr'>potuerint,</span> <span class='ocrx_word' id='word_1_252' title='bbox 1518 3108 1580 3159; x_wconf 83' lang='lat' dir='ltr'>nec</span> <span class='ocrx_word' id='word_1_253' title='bbox 1597 3111 1712 3160; x_wconf 87' lang='lat' dir='ltr'>eorum</span> <span class='ocrx_word' id='word_1_254' title='bbox 1736 3113 1799 3163; x_wconf 84' lang='lat' dir='ltr'>vox</span> <span class='ocrx_word' id='word_1_255' title='bbox 1825 3100 1930 3178; x_wconf 87' lang='lat' dir='ltr'>auditi</span> 
     </span>
     <span class='ocr_line' id='line_1_26' title="bbox 403 3186 817 3262; baseline -0.017 -1"><span class='ocrx_word' id='word_1_256' title='bbox 403 3194 445 3262; x_wconf 90' lang='lat' dir='ltr'>ab</span> <span class='ocrx_word' id='word_1_257' title='bbox 469 3189 663 3260; x_wconf 88' lang='lat' dir='ltr'>adstantibus</span> <span class='ocrx_word' id='word_1_258' title='bbox 687 3191 719 3257; x_wconf 93' lang='lat' dir='ltr'>in</span> <span class='ocrx_word' id='word_1_259' title='bbox 737 3186 817 3256; x_wconf 91' lang='lat' dir='ltr'>solo.</span> 
     </span>
    </p>

    <p class='ocr_par' dir='ltr' id='par_1_7' title="bbox 403 3281 1944 3752">
     <span class='ocr_line' id='line_1_27' title="bbox 452 3281 1944 3377; baseline 0.003 -20"><span class='ocrx_word' id='word_1_260' title='bbox 452 3288 566 3358; x_wconf 88' lang='lat' dir='ltr'>Solent</span> <span class='ocrx_word' id='word_1_261' title='bbox 590 3285 622 3353; x_wconf 90' lang='lat' dir='ltr'>hi</span> <span class='ocrx_word' id='word_1_262' title='bbox 637 3283 797 3353; x_wconf 88' lang='lat' dir='ltr'>anhelitus</span> <span class='ocrx_word' id='word_1_263' title='bbox 820 3281 911 3353; x_wconf 92' lang='lat' dir='ltr'>illico</span> <span class='ocrx_word' id='word_1_264' title='bbox 934 3282 1061 3376; x_wconf 81' lang='lat' dir='ltr'>ingredi</span> <span class='ocrx_word' id='word_1_265' title='bbox 1085 3303 1204 3374; x_wconf 86' lang='lat' dir='ltr'>corpus</span> <span class='ocrx_word' id='word_1_266' title='bbox 1226 3284 1423 3362; x_wconf 81' lang='lat' dir='ltr'>humanum,</span> <span class='ocrx_word' id='word_1_267' title='bbox 1451 3303 1513 3353; x_wconf 89' lang='lat' dir='ltr'>nec</span> <span class='ocrx_word' id='word_1_268' title='bbox 1541 3286 1608 3354; x_wconf 87' lang='lat' dir='ltr'>cito</span> <span class='ocrx_word' id='word_1_269' title='bbox 1623 3284 1770 3373; x_wconf 78' lang='lat' dir='ltr'>avolare3</span> <span class='ocrx_word' id='word_1_270' title='bbox 1796 3289 1944 3377; x_wconf 91' lang='lat' dir='ltr'>quando·</span> 
     </span>
     <span class='ocr_line' id='line_1_28' title="bbox 403 3378 1931 3474; baseline 0.001 -18"><span class='ocrx_word' id='word_1_271' title='bbox 403 3388 488 3457; x_wconf 87' lang='lat' dir='ltr'>enim</span> <span class='ocrx_word' id='word_1_272' title='bbox 514 3384 654 3459; x_wconf 83' lang='lat' dir='ltr'>Sattan.</span> <span class='ocrx_word' id='word_1_273' title='bbox 689 3380 772 3450; x_wconf 86' lang='lat' dir='ltr'>filius</span> <span class='ocrx_word' id='word_1_274' title='bbox 795 3378 905 3465; x_wconf 84' lang='lat' dir='ltr'>inclyti</span> <span class='ocrx_word' id='word_1_275' title='bbox 934 3379 1090 3474; x_wconf 89' lang='lat' dir='ltr'>Chirurgi</span> <span class='ocrx_word' id='word_1_276' title='bbox 1113 3383 1145 3449; x_wconf 96' lang='lat' dir='ltr'>in</span> <span class='ocrx_word' id='word_1_277' title='bbox 1168 3378 1355 3470; x_wconf 85' lang='lat' dir='ltr'>hujusmodi</span> <span class='ocrx_word' id='word_1_278' title='bbox 1377 3397 1511 3466; x_wconf 86' lang='lat' dir='ltr'>puteum</span> <span class='ocrx_word' id='word_1_279' title='bbox 1537 3381 1568 3449; x_wconf 87' lang='lat' dir='ltr'>se</span> <span class='ocrx_word' id='word_1_280' title='bbox 1585 3401 1769 3470; x_wconf 79' lang='lat' dir='ltr'>receperat,</span> <span class='ocrx_word' id='word_1_281' title='bbox 1786 3389 1931 3457; x_wconf 87' lang='lat' dir='ltr'>munitus</span> 
     </span>
     <span class='ocr_line' id='line_1_29' title="bbox 405 3469 1931 3572; baseline -0.001 -19"><span class='ocrx_word' id='word_1_282' title='bbox 405 3504 487 3572; x_wconf 90' lang='lat' dir='ltr'>aqua</span> <span class='ocrx_word' id='word_1_283' title='bbox 500 3480 640 3570; x_wconf 85' lang='lat' dir='ltr'>Reginae</span> <span class='ocrx_word' id='word_1_284' title='bbox 650 3475 850 3565; x_wconf 69' lang='lat' dir='ltr'>hungarie,</span> <span class='ocrx_word' id='word_1_285' title='bbox 877 3469 913 3540; x_wconf 81' lang='lat' dir='ltr'>dt</span> <span class='ocrx_word' id='word_1_286' title='bbox 934 3477 1094 3539; x_wconf 67' lang='lat' dir='ltr'>extremus</span> <span class='ocrx_word' id='word_1_287' title='bbox 1111 3474 1141 3538; x_wconf 92' lang='lat' dir='ltr'>se</span> <span class='ocrx_word' id='word_1_288' title='bbox 1157 3473 1274 3541; x_wconf 87' lang='lat' dir='ltr'>laverat</span> <span class='ocrx_word' id='word_1_289' title='bbox 1289 3494 1373 3556; x_wconf 87' lang='lat' dir='ltr'>aqua</span> <span class='ocrx_word' id='word_1_290' title='bbox 1385 3471 1547 3560; x_wconf 80' lang='lat' dir='ltr'>juniperi,</span> <span class='ocrx_word' id='word_1_291' title='bbox 1571 3481 1746 3564; x_wconf 85' lang='lat' dir='ltr'>omniaque</span> <span class='ocrx_word' id='word_1_292' title='bbox 1760 3480 1931 3553; x_wconf 87' lang='lat' dir='ltr'>vestimen·</span> 
     </span>
     <span class='ocr_line' id='line_1_30' title="bbox 408 3564 1932 3663; baseline -0.001 -17"><span class='ocrx_word' id='word_1_293' title='bbox 408 3599 440 3647; x_wconf 88' lang='lat' dir='ltr'>ta</span> <span class='ocrx_word' id='word_1_294' title='bbox 463 3592 613 3650; x_wconf 82' lang='lat' dir='ltr'>exuerat,</span> <span class='ocrx_word' id='word_1_295' title='bbox 640 3568 849 3636; x_wconf 83' lang='lat' dir='ltr'>nihilominus</span> <span class='ocrx_word' id='word_1_296' title='bbox 874 3566 976 3653; x_wconf 91' lang='lat' dir='ltr'>spatio</span> <span class='ocrx_word' id='word_1_297' title='bbox 1008 3565 1152 3632; x_wconf 90' lang='lat' dir='ltr'>duatum&#39;</span> <span class='ocrx_word' id='word_1_298' title='bbox 1170 3564 1414 3654; x_wconf 89' lang='lat' dir='ltr'>septimanarum</span> <span class='ocrx_word' id='word_1_299' title='bbox 1433 3567 1570 3635; x_wconf 91' lang='lat' dir='ltr'>odorem</span> <span class='ocrx_word' id='word_1_300' title='bbox 1594 3573 1705 3655; x_wconf 90' lang='lat' dir='ltr'>putei,</span> <span class='ocrx_word' id='word_1_301' title='bbox 1725 3573 1776 3642; x_wconf 89' lang='lat' dir='ltr'>vel</span> <span class='ocrx_word' id='word_1_302' title='bbox 1794 3573 1932 3663; x_wconf 87' lang='lat' dir='ltr'>sepulcri</span> 
     </span>
     <span class='ocr_line' id='line_1_31' title="bbox 411 3660 868 3752; baseline -0.028 -10"><span class='ocrx_word' id='word_1_303' title='bbox 411 3693 451 3742; x_wconf 87' lang='lat' dir='ltr'>ex</span> <span class='ocrx_word' id='word_1_304' title='bbox 476 3671 533 3738; x_wconf 90' lang='lat' dir='ltr'>suo</span> <span class='ocrx_word' id='word_1_305' title='bbox 555 3684 695 3752; x_wconf 87' lang='lat' dir='ltr'>corpore</span> <span class='ocrx_word' id='word_1_306' title='bbox 720 3660 868 3751; x_wconf 87' lang='lat' dir='ltr'>spirabat.</span> 
     </span>
    </p>

    <p class='ocr_par' dir='ltr' id='par_1_8' title="bbox 410 3753 1985 4052">
     <span class='ocr_line' id='line_1_32' title="bbox 457 3753 1985 3856; baseline 0.003 -21"><span class='ocrx_word' id='word_1_307' title='bbox 457 3766 567 3836; x_wconf 86' lang='lat' dir='ltr'>Etiam</span> <span class='ocrx_word' id='word_1_308' title='bbox 584 3757 748 3830; x_wconf 80' lang='lat' dir='ltr'>nonnullae</span> <span class='ocrx_word' id='word_1_309' title='bbox 766 3757 882 3826; x_wconf 80' lang='lat' dir='ltr'>Salinae</span> <span class='ocrx_word' id='word_1_310' title='bbox 908 3757 1023 3827; x_wconf 85' lang='lat' dir='ltr'>ssmiles</span> <span class='ocrx_word' id='word_1_311' title='bbox 1039 3757 1154 3827; x_wconf 91' lang='lat' dir='ltr'>halitus</span> <span class='ocrx_word' id='word_1_312' title='bbox 1169 3756 1391 3846; x_wconf 87' lang='lat' dir='ltr'>Sulphureos‚</span> <span class='ocrx_word' id='word_1_313' title='bbox 1409 3755 1444 3826; x_wconf 82' lang='lat' dir='ltr'>dt</span> <span class='ocrx_word' id='word_1_314' title='bbox 1461 3756 1701 3856; x_wconf 60' lang='lat' dir='ltr'>strangulantes</span> <span class='ocrx_word' id='word_1_315' title='bbox 1716 3761 1946 3856; x_wconf 78' lang='lat' dir='ltr'>ejaculantur,¹</span> <span class='ocrx_word' id='word_1_316' title='bbox 1982 3753 1985 3758; x_wconf 49' lang='grc'>’</span> 
     </span>
     <span class='ocr_line' id='line_1_33' title="bbox 410 3852 1932 3942; baseline 0.001 -7"><span class='ocrx_word' id='word_1_317' title='bbox 410 3864 509 3937; x_wconf 78' lang='lat' dir='ltr'>veluti</span> <span class='ocrx_word' id='word_1_318' title='bbox 538 3859 584 3929; x_wconf 84' lang='lat' dir='ltr'>eii</span> <span class='ocrx_word' id='word_1_319' title='bbox 612 3854 717 3936; x_wconf 84' lang='lat' dir='ltr'>Salina</span> <span class='ocrx_word' id='word_1_320' title='bbox 739 3874 844 3942; x_wconf 90' lang='lat' dir='ltr'>prope</span> <span class='ocrx_word' id='word_1_321' title='bbox 868 3855 980 3923; x_wconf 90' lang='lat' dir='ltr'>urbem</span> <span class='ocrx_word' id='word_1_322' title='bbox 1008 3852 1193 3923; x_wconf 86' lang='lat' dir='ltr'>Rheinein</span> <span class='ocrx_word' id='word_1_323' title='bbox 1219 3852 1348 3923; x_wconf 87' lang='lat' dir='ltr'>diocaesr</span> <span class='ocrx_word' id='word_1_324' title='bbox 1373 3852 1651 3936; x_wconf 70' lang='lat' dir='ltr'>dimitteretis,</span> <span class='ocrx_word' id='word_1_325' title='bbox 1676 3877 1746 3929; x_wconf 90' lang='lat' dir='ltr'>tum</span> <span class='ocrx_word' id='word_1_326' title='bbox 1767 3859 1874 3934; x_wconf 89' lang='lat' dir='ltr'>Salina</span> <span class='ocrx_word' id='word_1_327' title='bbox 1896 3868 1932 3939; x_wconf 87' lang='lat' dir='ltr'>in</span> 
     </span>
     <span class='ocr_line' id='line_1_34' title="bbox 413 3944 1690 4052; baseline -0.005 -22"><span class='ocrx_word' id='word_1_328' title='bbox 413 3961 592 4052; x_wconf 86' lang='lat' dir='ltr'>principatu</span> <span class='ocrx_word' id='word_1_329' title='bbox 614 3951 771 4022; x_wconf 85' lang='lat' dir='ltr'>Minden:</span> <span class='ocrx_word' id='word_1_330' title='bbox 799 3951 831 4018; x_wconf 94' lang='lat' dir='ltr'>iu</span> <span class='ocrx_word' id='word_1_331' title='bbox 854 3948 1139 4020; x_wconf 77' lang='lat' dir='ltr'>suintspocunta</span> <span class='ocrx_word' id='word_1_332' title='bbox 1166 3944 1200 4019; x_wconf 73' lang='grc' dir='ltr'>δι</span> <span class='ocrx_word' id='word_1_333' title='bbox 1224 3949 1385 4022; x_wconf 86' lang='lat' dir='ltr'>Wiliczka</span> <span class='ocrx_word' id='word_1_334' title='bbox 1410 3949 1558 4022; x_wconf 80' lang='lat' dir='ltr'>Poloniae</span> <span class='ocrx_word' id='word_1_335' title='bbox 1585 3950 1690 4044; x_wconf 71' lang='lat' dir='ltr'>(a).-</span> 
     </span>
    </p>

    <p class='ocr_par' dir='ltr' id='par_1_9' title="bbox 413 4043 1930 4241">
     <span class='ocr_line' id='line_1_35' title="bbox 462 4043 1930 4140; baseline 0.003 -15"><span class='ocrx_word' id='word_1_336' title='bbox 462 4057 543 4125; x_wconf 89' lang='lat' dir='ltr'>Sunt</span> <span class='ocrx_word' id='word_1_337' title='bbox 566 4068 699 4140; x_wconf 91' lang='lat' dir='ltr'>quoque</span> <span class='ocrx_word' id='word_1_338' title='bbox 716 4044 787 4116; x_wconf 87' lang='lat' dir='ltr'>aliae</span> <span class='ocrx_word' id='word_1_339' title='bbox 804 4045 1022 4116; x_wconf 80' lang='lat' dir='ltr'>exhalationes</span> <span class='ocrx_word' id='word_1_340' title='bbox 1045 4049 1078 4114; x_wconf 92' lang='lat' dir='ltr'>in</span> <span class='ocrx_word' id='word_1_341' title='bbox 1100 4043 1251 4128; x_wconf 76' lang='lat' dir='ltr'>fodinis..</span> <span class='ocrx_word' id='word_1_342' title='bbox 1266 4046 1493 4135; x_wconf 74' lang='lat' dir='ltr'>qua-incensae</span> <span class='ocrx_word' id='word_1_343' title='bbox 1501 4050 1617 4116; x_wconf 87' lang='lat' dir='ltr'>omnia</span> <span class='ocrx_word' id='word_1_344' title='bbox 1639 4051 1759 4130; x_wconf 79' lang='lat' dir='ltr'>viribus</span> <span class='ocrx_word' id='word_1_345' title='bbox 1780 4055 1930 4130; x_wconf 79' lang='lat' dir='ltr'>inmensis</span> 
     </span>
     <span class='ocr_line' id='line_1_36' title="bbox 413 4140 1586 4241; baseline -0.01 -17"><span class='ocrx_word' id='word_1_346' title='bbox 413 4152 591 4241; x_wconf 86' lang='lat' dir='ltr'>disjiciunt:</span> <span class='ocrx_word' id='word_1_347' title='bbox 618 4146 651 4214; x_wconf 94' lang='lat' dir='ltr'>id</span> <span class='ocrx_word' id='word_1_348' title='bbox 667 4141 775 4213; x_wconf 87' lang='lat' dir='ltr'>multis</span> <span class='ocrx_word' id='word_1_349' title='bbox 795 4141 919 4213; x_wconf 89' lang='lat' dir='ltr'>conllat</span> <span class='ocrx_word' id='word_1_350' title='bbox 942 4142 1147 4224; x_wconf 74' lang='lat' dir='ltr'>observatis..</span> <span class='ocrx_word' id='word_1_351' title='bbox 1163 4163 1302 4230; x_wconf 89' lang='lat' dir='ltr'>quorum</span> <span class='ocrx_word' id='word_1_352' title='bbox 1320 4163 1422 4230; x_wconf 90' lang='lat' dir='ltr'>pauca</span> <span class='ocrx_word' id='word_1_353' title='bbox 1442 4140 1586 4212; x_wconf 87' lang='lat' dir='ltr'>afferam.</span> 
     </span>
    </p>

    <p class='ocr_par' dir='ltr' id='par_1_10' title="bbox 411 4235 1951 4627">
     <span class='ocr_line' id='line_1_37' title="bbox 462 4235 1933 4338; baseline -0.001 -23"><span class='ocrx_word' id='word_1_354' title='bbox 462 4243 635 4319; x_wconf 86' lang='lat' dir='ltr'>sibbaldus</span> <span class='ocrx_word' id='word_1_355' title='bbox 658 4238 753 4310; x_wconf 87' lang='lat' dir='ltr'>refert</span> <span class='ocrx_word' id='word_1_356' title='bbox 775 4241 807 4310; x_wconf 92' lang='lat' dir='ltr'>in</span> <span class='ocrx_word' id='word_1_357' title='bbox 823 4238 943 4309; x_wconf 91' lang='lat' dir='ltr'>sodinis</span> <span class='ocrx_word' id='word_1_358' title='bbox 967 4235 1229 4322; x_wconf 78' lang='lat' dir='ltr'>Eithanttacum‚</span> <span class='ocrx_word' id='word_1_359' title='bbox 1256 4242 1377 4325; x_wconf 85' lang='lat' dir='ltr'>quaein</span> <span class='ocrx_word' id='word_1_360' title='bbox 1394 4237 1503 4308; x_wconf 86' lang='lat' dir='ltr'>Scotia</span> <span class='ocrx_word' id='word_1_361' title='bbox 1526 4235 1712 4328; x_wconf 87' lang='lat' dir='ltr'>frequentes</span> <span class='ocrx_word' id='word_1_362' title='bbox 1731 4242 1822 4333; x_wconf 85' lang='lat' dir='ltr'>sunt,</span> <span class='ocrx_word' id='word_1_363' title='bbox 1848 4246 1933 4338; x_wconf 76' lang='lat' dir='ltr'>sape</span> 
     </span>
     <span class='ocr_line' id='line_1_38' title="bbox 412 4331 1946 4431; baseline -0.001 -15"><span class='ocrx_word' id='word_1_364' title='bbox 412 4344 579 4425; x_wconf 85' lang='lat' dir='ltr'>accidere,</span> <span class='ocrx_word' id='word_1_365' title='bbox 614 4357 649 4408; x_wconf 89' lang='lat' dir='ltr'>ut</span> <span class='ocrx_word' id='word_1_366' title='bbox 674 4338 812 4426; x_wconf 90' lang='lat' dir='ltr'>operarii</span> <span class='ocrx_word' id='word_1_367' title='bbox 835 4336 876 4405; x_wconf 90' lang='lat' dir='ltr'>ab</span> <span class='ocrx_word' id='word_1_368' title='bbox 900 4340 976 4431; x_wconf 86' lang='lat' dir='ltr'>igne</span> <span class='ocrx_word' id='word_1_369' title='bbox 998 4334 1205 4404; x_wconf 88' lang='lat' dir='ltr'>subterraneo</span> <span class='ocrx_word' id='word_1_370' title='bbox 1233 4335 1427 4417; x_wconf 86' lang='lat' dir='ltr'>aduruntur,</span> <span class='ocrx_word' id='word_1_371' title='bbox 1453 4331 1488 4402; x_wconf 83' lang='lat' dir='ltr'>dt</span> <span class='ocrx_word' id='word_1_372' title='bbox 1511 4335 1675 4429; x_wconf 83' lang='lat' dir='ltr'>iufigniter</span> <span class='ocrx_word' id='word_1_373' title='bbox 1706 4339 1946 4431; x_wconf 84' lang='lat' dir='ltr'>vulnerentur,¹</span> 
     </span>
     <span class='ocr_line' id='line_1_39' title="bbox 411 4427 1935 4529; baseline 0 -19"><span class='ocrx_word' id='word_1_374' title='bbox 411 4443 520 4529; x_wconf 87' lang='lat' dir='ltr'>estque</span> <span class='ocrx_word' id='word_1_375' title='bbox 544 4458 612 4506; x_wconf 90' lang='lat' dir='ltr'>turn</span> <span class='ocrx_word' id='word_1_376' title='bbox 636 4456 710 4504; x_wconf 92' lang='lat' dir='ltr'>cum</span> <span class='ocrx_word' id='word_1_377' title='bbox 738 4454 859 4528; x_wconf 80' lang='lat' dir='ltr'>magro</span> <span class='ocrx_word' id='word_1_378' title='bbox 882 4431 1009 4528; x_wconf 88' lang='lat' dir='ltr'>fragore</span> <span class='ocrx_word' id='word_1_379' title='bbox 1032 4429 1273 4521; x_wconf 87' lang='lat' dir='ltr'>perniciisrmus·</span> <span class='ocrx_word' id='word_1_380' title='bbox 1288 4427 1578 4515; x_wconf 54' lang='lat' dir='ltr'>flamme-norun</span> <span class='ocrx_word' id='word_1_381' title='bbox 1603 4432 1690 4501; x_wconf 86' lang='lat' dir='ltr'>idem</span> <span class='ocrx_word' id='word_1_382' title='bbox 1714 4437 1851 4508; x_wconf 82' lang='lat' dir='ltr'>evenisse</span> <span class='ocrx_word' id='word_1_383' title='bbox 1872 4459 1935 4511; x_wconf 89' lang='lat' dir='ltr'>tra·</span> 
     </span>
     <span class='ocr_line' id='line_1_40' title="bbox 415 4525 1951 4627; baseline -0.001 -19"><span class='ocrx_word' id='word_1_384' title='bbox 415 4536 464 4609; x_wconf 92' lang='lat' dir='ltr'>dit</span> <span class='ocrx_word' id='word_1_385' title='bbox 486 4535 645 4627; x_wconf 86' lang='lat' dir='ltr'>Bergerus</span> <span class='ocrx_word' id='word_1_386' title='bbox 670 4529 769 4624; x_wconf 87' lang='lat' dir='ltr'>(b),</span> <span class='ocrx_word' id='word_1_387' title='bbox 797 4535 830 4602; x_wconf 94' lang='lat' dir='ltr'>in</span> <span class='ocrx_word' id='word_1_388' title='bbox 858 4528 1054 4603; x_wconf 87' lang='lat' dir='ltr'>Germanica</span> <span class='ocrx_word' id='word_1_389' title='bbox 1072 4525 1186 4598; x_wconf 90' lang='lat' dir='ltr'>sodina</span> <span class='ocrx_word' id='word_1_390' title='bbox 1211 4526 1455 4602; x_wconf 88' lang='lat' dir='ltr'>Lithanttacum</span> <span class='ocrx_word' id='word_1_391' title='bbox 1481 4531 1626 4624; x_wconf 84' lang='lat' dir='ltr'>inpage</span> <span class='ocrx_word' id='word_1_392' title='bbox 1650 4529 1771 4605; x_wconf 86' lang='lat' dir='ltr'>Sulbek</span> <span class='ocrx_word' id='word_1_393' title='bbox 1795 4532 1852 4607; x_wconf 91' lang='lat' dir='ltr'>sub</span> <span class='ocrx_word' id='word_1_394' title='bbox 1874 4537 1951 4607; x_wconf 92' lang='lat' dir='ltr'>do···</span> 
     </span>
    </p>

    <p class='ocr_par' dir='ltr' id='par_1_11' title="bbox 1873 4655 1946 4705">
     <span class='ocr_line' id='line_1_41' title="bbox 1873 4655 1946 4705; baseline 0 0"><span class='ocrx_word' id='word_1_395' title='bbox 1873 4655 1946 4705; x_wconf 81' lang='lat' dir='ltr'>mr·-</span> 
     </span>
    </p>
   </div>
   <div class='ocr_carea' id='block_1_3' title="bbox 492 4791 1412 4976">
    <p class='ocr_par' dir='ltr' id='par_1_12' title="bbox 492 4791 1412 4976">
     <span class='ocr_line' id='line_1_42' title="bbox 492 4791 1412 4899; baseline 0.004 -19"><span class='ocrx_word' id='word_1_396' title='bbox 492 4819 550 4892; x_wconf 70' lang='lat' dir='ltr'>(tt</span> <span class='ocrx_word' id='word_1_397' title='bbox 572 4816 684 4877; x_wconf 76' lang='lat' dir='ltr'>n’rrtn·</span> <span class='ocrx_word' id='word_1_398' title='bbox 705 4818 740 4877; x_wconf 77' lang='lat' dir='ltr'>ae</span> <span class='ocrx_word' id='word_1_399' title='bbox 760 4820 871 4879; x_wconf 66' lang='lat' dir='ltr'>ructa.</span> <span class='ocrx_word' id='word_1_400' title='bbox 894 4820 931 4878; x_wconf 77' lang='lat' dir='ltr'>ae</span> <span class='ocrx_word' id='word_1_401' title='bbox 952 4820 1062 4883; x_wconf 73' lang='lat' dir='ltr'>aerrtn.</span> <span class='ocrx_word' id='word_1_402' title='bbox 1084 4815 1137 4880; x_wconf 62' lang='lat' dir='ltr'>Aa</span> <span class='ocrx_word' id='word_1_403' title='bbox 1158 4806 1242 4892; x_wconf 82' lang='lat' dir='ltr'>rrtr&#39;·</span> <span class='ocrx_word' id='word_1_404' title='bbox 1265 4791 1330 4899; x_wconf 79' lang='lat' dir='ltr'>rur.</span> <span class='ocrx_word' id='word_1_405' title='bbox 1347 4835 1412 4899; x_wconf 78' lang='lat'>105·</span> 
     </span>
     <span class='ocr_line' id='line_1_43' title="bbox 493 4897 1408 4976; baseline -0.012 -18"><span class='ocrx_word' id='word_1_406' title='bbox 493 4902 551 4975; x_wconf 74' lang='lat' dir='ltr'>(l)</span> <span class='ocrx_word' id='word_1_407' title='bbox 571 4897 827 4975; x_wconf 72' lang='lat' dir='ltr'>Briauteriugdet</span> <span class='ocrx_word' id='word_1_408' title='bbox 848 4900 953 4959; x_wconf 80' lang='lat' dir='ltr'>Natus.</span> <span class='ocrx_word' id='word_1_409' title='bbox 974 4912 1050 4976; x_wconf 88' lang='lat' dir='ltr'>part.</span> <span class='ocrx_word' id='word_1_410' title='bbox 1071 4915 1100 4960; x_wconf 78' lang='lat' dir='ltr'>r.</span> <span class='ocrx_word' id='word_1_411' title='bbox 1123 4897 1227 4959; x_wconf 62' lang='lat' dir='ltr'>Obiere</span> <span class='ocrx_word' id='word_1_412' title='bbox 1254 4916 1309 4960; x_wconf 47' lang='lat' dir='ltr'>ts</span> <span class='ocrx_word' id='word_1_413' title='bbox 1403 4911 1408 4916; x_wconf 97' lang='lat'>·</span> 
     </span>
    </p>
   </div>
   <div class='ocr_carea' id='block_1_4' title="bbox 1178 4955 1808 5091">
    <p class='ocr_par' dir='ltr' id='par_1_13' title="bbox 1178 4955 1808 5091">
     <span class='ocr_line' id='line_1_44' title="bbox 1178 4955 1808 5091; baseline -0.04 -26"><span class='ocrx_word' id='word_1_414' title='bbox 1178 4989 1441 5091; x_wconf 75' lang='lat' dir='ltr'>Eeeeeeg</span> <span class='ocrx_word' id='word_1_415' title='bbox 1668 4963 1685 4994; x_wconf 86' lang='lat'>⁰</span> <span class='ocrx_word' id='word_1_416' title='bbox 1721 4955 1808 5001; x_wconf 73' lang='lat'>&#39;&#39;⁴·</span> 
     </span>
    </p>
   </div>
   <div class='ocr_carea' id='block_1_5' title="bbox 0 0 2533 6756">
    <p class='ocr_par' dir='ltr' id='par_1_14' title="bbox 0 0 2533 6756">
     <span class='ocr_line' id='line_1_45' title="bbox 0 0 2533 6756; baseline 0 0"><span class='ocrx_word' id='word_1_417' title='bbox 0 0 2533 6756; x_wconf 95' lang='lat' dir='ltr'> </span> 
     </span>
    </p>
   </div>
  </div>
 </body>
</html>
