4992 6767
702 710 1206 806 METEORIS
1265 715 1617 804 AERESI.
1724 643 1730 654 Ι
1837 729 1927 831 949

354 1008 357 1011 ¹
398 929 535 1008 propter
556 925 655 980 tenue
670 905 805 1076 aligpod
824 905 979 1000 sulphur,
1002 909 1054 986 vel
1069 911 1275 1007 petroleum,
1297 911 1351 994 rel
1363 913 1512 986 bitumen
1528 935 1570 986 cx
1587 933 1670 988 terra
1689 911 1780 985 fimul
1797 932 1873 988 cum
1887 935 1924 985 a-

348 1067 353 1078 .
401 1011 469 1105 qui
490 1009 690 1091 crudarum,
777 1003 1043 1079 hacvolatilius.
1874 1029 1877 1036 ·

445 1105 560 1178 Talem
587 1102 758 1179 Lucretius
780 1099 929 1176 describit
956 1104 976 1200 (
1015 1106 1050 1202 ).

722 1297 877 1396 Frigidus
899 1299 941 1396 est
968 1304 1068 1376 etiam
1088 1302 1191 1399 fons,
1208 1301 1315 1401 supra
1337 1325 1430 1400 quem
1443 1307 1515 1400 fila
1532 1303 1618 1400 saepe

728 1413 837 1514 Stupa
854 1411 938 1504 jacit
954 1415 1113 1506 flammas
1132 1435 1275 1514 qncepto
1288 1419 1438 1514 protinam
1461 1421 1551 1516 igni:

730 1523 877 1621 i'edaque
896 1531 1051 1622 corrſsmili
1070 1532 1197 1603 ratione
1218 1531 1349 1626 accenfir
1366 1551 1429 1626 prr
1452 1531 1555 1604 undas
1642 1547 1646 1556 ·

731 1640 902 1734 Coniurat,
937 1647 1118 1736 quocunque
1143 1657 1264 1717 natans
1285 1646 1466 1738 impellitur
1489 1645 1593 1716 auris.

458 1821 497 1893 In
529 1821 703 1893 Britanniae
728 1821 894 1911 provincia
918 1818 1128 1908 Lanmllria,
1150 1821 1281 1896 duobus
1301 1818 1535 1894 milliaribus-d
1561 1821 1702 1917 Wigan,
1728 1843 1847 1914 puteus
1862 1821 1929 1910 est,

402 1917 492 2011 cujus
516 1940 599 2010 aqua
622 1917 718 1989 instar
743 1916 880 2010 Spiritus
904 1920 970 1992 vini
991 1919 1103 1990 ardere
1120 1920 1270 2005 videtur,
1295 1918 1431 1992 flamma
1457 1919 1537 1988 cauti
1554 1914 1616 1988 fuit
1631 1919 1781 2002 roboris,
1806 1942 1843 1990 ur
1865 1943 1933 1996 ova

401 2038 494 2106 aquae
517 2014 631 2107 iujesla
651 2016 848 2108 detentaque
871 2015 963 2108 supra
985 2015 1172 2101 flammam,
1195 2017 1343 2088 indumta
1363 2015 1443 2099 lint,
1468 2015 1537 2084 imo
1561 2013 1698 2083 emolliit
1715 2033 1846 2086 carnem
1867 2020 1929 2088 bo·

399 2116 527 2197 vinam;
552 2133 627 2182 cum
651 2133 755 2204 prope
777 2133 914 2204 puteum
936 2110 1155 2198 effodiebutur
1179 2112 1284 2196 solum
1305 2111 1347 2184 ad
1371 2108 1569 2200 sesquipedis
1592 2107 1810 2195 altitudinem,
1835 2132 1932 2204 repeq

398 2211 559 2373 ricbunltur
583 2205 834 2295 habitatrices,
869 2233 945 2301 quae
970 2210 1106 2282 halitum
1132 2208 1365 2299 exspirabant,
1399 2205 1584 2296 capientem
1607 2201 1933 2299 flammamadtuota

396 2304 576 2395 cauden(
617 2305 649 2395 ).
837 2379 839 2383 ,
1614 2329 1619 2340 ·
1679 2341 1682 2346 -
1800 2387 1803 2392 ,
1850 2357 1853 2390 3
1925 2322 1949 2396 gq

443 2422 487 2493 In
514 2414 683 2512 Hungaria
704 2437 811 2510 prope
836 2416 977 2489 Kukulia
997 2415 1080 2489 sona·
1099 2415 1170 2503 eli,
1196 2437 1215 2486 e
1237 2439 1308 2510 quo
1328 2416 1468 2490 flamma
1493 2437 1687 2508 erumpunt,
1707 2413 1953 2498 &sacam-fl

395 2539 496 2589 morae
519 2517 612 2602 aquis
634 2513 803 2586 flammatu
830 2517 1023 2606 concipiunt
1048 2512 1245 2608 (c),¹.cum
1266 2513 1321 2586 fax
1345 2534 1366 2585 e
1388 2515 1480 2607 palea
1503 2513 1682 2608 superficiei
1707 2539 1803 2609 aquae
1820 2521 1933 2611 impe«

396 2619 512 2696 nitur,
549 2610 673 2700 aliquot
696 2611 810 2704 elapfis
832 2613 1008 2686 momentis
1031 2632 1073 2682 err
1096 2610 1267 2703 superficie
1282 2633 1378 2702 aquae
1399 2614 1509 2705 plures
1527 2612 1739 2688 escenderunt
1758 2613 1934 2702 umora,-

397 2707 605 2805 longitudine
626 2703 789 2794 &forma
814 2709 952 2808 digitum
973 2727 1160 2800 aequantes,
1185 2709 1282 2780 instar
1302 2707 1446 2800 pulveris
1463 2714 1548 2798 pmii
1562 2711 1784 2799 crepitabant,
1808 2711 1935 2806 persia·

397 2810 544 2895 bamque
565 2805 775 2897 quatuor'vel
797 2806 1153 2900 quinquesecundinu
1174 2807 1295 2878 in-alio
1315 2803 1532 2897 receptaculo·
1550 2801 1689 2875 flumme
1711 2809 1833 2880 (buum
1850 2829 1934 2898 per«,

398 2904 545 2973 stiterunt
559 2899 732 2973 allamma
763 2906 798 2975 in
823 2925 908 2996 aqua
929 2904 1051 2977 coloris
1074 2903 1254 2976 eli-smilis
1275 2901 1530 2994 coloripaleae,
1561 2901 1778 2993 accenditque
1806 2899 1929 2978 cuneta

395 3002 493 3070 obvie
517 3016 683 3087 corpora:
715 3015 800 3089 equa
824 3003 965 3072 extracta
989 3021 1032 3072 ex
1054 3001 1266 3094 receptaculo
1290 2999 1464 3071 consulito
1486 2998 1621 3072 ardendi
1644 3000 1762 3072 uirtute
1786 2999 1932 3080 destituii

397 3115 459 3170 tili·
564 3151 568 3155 -
713 3113 752 3153 ²²
789 3141 795 3152 ·
830 3147 832 3152 ·
988 3153 991 3160 .
1245 3145 1251 3160 ,
1291 3127 1297 3162 ;
1369 3149 1379 3164 ,
1428 3159 1431 3164 ,
1604 3157 1607 3162 .
1795 3135 1799 3140 ·
1856 3165 1860 3176 ¹

445 3193 545 3267 Circa
565 3214 686 3268 annum
716 3192 821 3286 1654.
847 3196 880 3264 in
898 3190 1076 3264 Gemuania
1100 3192 1143 3264 ad
1158 3193 1339 3266 distantium
1358 3192 1533 3266 milliarisa
1547 3193 1670 3268 sibinia
1683 3196 1835 3268 inventus
1849 3195 1932 3276 fona

396 3292 463 3379 est,
489 3295 579 3387 cuius
600 3313 685 3384 aqua
699 3279 752 3362 'e'st
770 3290 949 3376 admodum
978 3290 1106 3362 turbida
1127 3287 1162 3362 bt
1185 3293 1297 3384 nigra,
1322 3289 1503 3381 ebullitque
1518 3291 1802 3366 adscendendoad
1818 3294 1927 3368 altim-

398 3392 506 3462 dinem
530 3411 650 3474 novem
673 3388 855 3483 pollicum,
878 3409 917 3460 ac
940 3388 1012 3460 liin
1036 3386 1145 3476 lebete
1165 3387 1333 3461 ebulliret:
1352 3387 1444 3480 'aqua
1467 3385 1592 3480 semper
1614 3389 1732 3486 friget,
1756 3411 1929 3486 nunquam·

399 3491 464 3560 exit
496 3511 539 3559 ex
568 3483 810 3574 receptaculo,
846 3482 937 3574 cujus
971 3483 1143 3576 diametcrt
1158 3482 1206 3554 est
1225 3486 1320 3555 unius
1342 3483 1456 3581 ulna,
1488 3483 1691 3576 profunditas
1714 3485 1931 3590 sesquiulnaei

399 3604 476 3655 cum
501 3587 603 3654 Anno
634 3581 740 3668 1672.
763 3579 865 3669 aliqui
888 3578 997 3662 rustici
1017 3579 1194 3660 nonnullos
1215 3579 1413 3669 rumusculos
1432 3578 1671 3664 incendissent,
1695 3599 1811 3650 ventus
1832 3581 1925 3655 flam·

402 3699 489 3751 mam
518 3680 560 3750 ad
580 3677 707 3750 sontem
730 3675 886 3767 pepulit,
917 3679 974 3769 qui
996 3675 1143 3750 incensus
1163 3677 1248 3765 fuit,
1272 3674 1456 3772 &aliquot
1472 3673 1657 3774 septimarum
1672 3675 1774 3746 notin
1799 3675 1926 3767 diuque

402 3779 492 3849 arsit:
519 3777 542 3846 sr
567 3774 673 3848 adbuc
696 3774 738 3846 ad
758 3772 938 3862 ditantium
962 3775 1055 3867 pedis
1077 3775 1119 3866 ab
1139 3797 1223 3870 equa
1244 3767 1368 3870 aliquid
1381 3774 1498 3846 ardena
1515 3791 1682 3872 teneatur,
1707 3773 1824 3867 iterum
1838 3773 1930 3866 aquaj

403 3875 607 3960 incenditur,
632 3870 795 3944 flammam
817 3874 968 3945 emittens
992 3892 1056 3944 tres
1073 3872 1176 3966 pedes
1193 3873 1312 3960 altam,
1338 3872 1539 3968 quaomnia
1553 3867 1669 3964 injettn
1682 3869 1865 3945 comburit:
1889 3891 1925 3944 a·

404 3991 470 4063 qua
494 3971 604 4044 haustu
625 3965 714 4052 &in
729 3968 829 4052 alium
848 3969 954 4056 delata
972 3969 1107 4055 locum,
1132 3994 1200 4045 non
1214 3974 1356 4066 amplius
1368 3969 1501 4044 incendi
1518 3965 1650 4064 potest,
1672 3967 1823 4062 adeoque
1838 3967 1926 4046 cele·

405 4072 481 4146 riter
502 4071 625 4146 evomit
637 4067 750 4154 oleum
772 4064 863 4152 suum
886 4066 1119 4142 inflammabile
1146 4070 1238 4164 (d).

472 4167 511 4239 ln
541 4166 716 4259 palatinatu
748 4163 923 4240 Cracoviae
947 4164 1022 4236 sons
1046 4167 1157 4237 medio
1180 4170 1213 4238 in
1236 4190 1351 4240 monte
1374 4167 1441 4253 est,
1475 4163 1566 4261 cujus
1586 4187 1671 4257 aqua
1691 4164 1737 4237 est
1759 4161 1928 4257 limplda,¹

405 4263 510 4348 clara,
529 4265 609 4336 boni
625 4264 768 4356 saporis,
791 4258 827 4335 ἃ
844 4264 979 4350 odoris;
993 4284 1034 4334 ex
1050 4264 1119 4335 solo
1136 4286 1213 4337 cum
1228 4266 1420 4339 ebullitione
1435 4265 1550 4338 sonora
1567 4267 1726 4356 erumpit,
1739 4266 1814 4350 cui,
1831 4262 1926 4334 fiad·

401 4381 569 4433 moveatur
585 4361 736 4450 flamma,
761 4363 969 4447 accenditur,
996 4360 1132 4434 flammi
1145 4366 1180 4435 in
1197 4364 1335 4462 longum
1352 4387 1482 4457 tempua
1495 4364 1675 4457 perstante,
1699 4364 1756 4456 nili
1776 4383 1859 4455 aqua
1874 4382 1924 4432 ru·

401 4462 463 4531 mis
483 4463 706 4549 concutiatur;
734 4459 850 4534 sihaec
873 4483 957 4555 aqua
981 4460 1096 4533 leniter
1119 4482 1335 4556 evaporatur,
1359 4466 1527 4537 bituminis
1548 4463 1640 4559 nigri·
1658 4458 1779 4556 species
1796 4459 1925 4554 colligi·

1526 4579 1529 4584 ’
1759 4579 1795 4610 ¹·
1878 4573 1931 4635 uu

474 4751 536 4827 (a)
557 4755 712 4815 Lucretius
735 4757 800 4814 Lib.
823 4772 872 4817 vl.
894 4775 923 4818 v.
948 4761 1016 4831 879·
1935 4831 1937 4838 .

478 4833 540 4902 (b)
561 4831 729 4907 Philosoph.
753 4836 896 4894 Transast.
916 4839 975 4898 Νι).
997 4853 1067 4912 452.
1325 4841 1329 4848 ’
1842 4883 1845 4888 ·
1928 4859 1934 4887 ’

480 4910 537 4979 (c)
558 4909 665 4967 Comes
687 4912 817 4984 Marfigli
840 4913 884 4971 de·
895 4916 1034 4992 Danubio
1055 4918 1144 4979 Tum.
1165 4933 1194 4980 1.
1213 4933 1282 4996 pag.
1304 4934 1353 4994 93.
1376 4917 1521 4988 &Touo
1544 4932 1661 5004 &1³³8-
1686 4929 1753 4994 lur·
1795 4937 1799 4942 '

479 4986 675 5065 idilourual
697 4989 983 5057 erasmianam.
1011 5001 1097 5071 1679.
1116 5002 1255 5077 pagrum
1430 5003 1448 5008 ”
1684 5001 1718 5030 ²'
1794 4995 1820 5026 ‘¹
