4992 6767
725 647 1589 805 cnsopult‘lcn.
1834 715 1919 807 821'

395 921 486 1014 pium
504 911 635 1005 simplex
655 911 888 1006 Repertorium
908 911 996 994 XZ,
1015 931 1090 983 cum
1107 911 1400 998 frlismicrometri,
1417 912 1577 1002 quodum
1595 911 1753 1001 repetitur
1768 909 1923 982 facillime

398 1017 558 1108 objodlum
570 1030 753 1101 ,repertum
770 1011 815 1082 eli
829 1031 890 1100 pto
908 1008 973 1080 hoc
989 1008 1093 1094 tubo,
1107 1005 1142 1080 ἃ
1155 1011 1255 1082 videri
1270 1011 1359 1083 illico
1382 1009 1488 1102 potest
1505 1030 1570 1100 ope
1588 1008 1700 1078 Lentis
1715 1006 1828 1096 pofitae
1843 1007 1918 1085 ind.

447 1138 477 1235 s.
504 1131 761 1209 nlnrxxxlx.
787 1134 957 1231 Quantum
982 1133 1147 1226 objeeium
1172 1136 1329 1227 foedatur
1350 1135 1611 1228 amplificatum,
1642 1131 1734 1204 facile
1761 1133 1826 1204 hoc
1850 1154 1921 1203 mo·

397 1241 442 1312 do
466 1238 611 1308 eruitur:
637 1236 711 1323 quia
732 1231 897 1324 speculum
919 1231 1052 1320 planum
1073 1230 1148 1302 KK
1172 1233 1251 1303 nihil
1273 1236 1384 1304 tribuit
1408 1233 1449 1303 ad
1473 1233 1788 1323 amplificationem,
1814 1228 1920 1300 abesse

397 1355 563 1429 ponatur:
598 1329 722 1400 Radius
753 1330 794 1399 ab
827 1329 957 1421 objeno
989 1325 1117 1399 emissus
1150 1329 1187 1399 fit
1215 1331 1283 1400 axis
1306 1327 1443 1402 GLIA
1470 1327 1584 1400 Lentis
1618 1325 1651 1398 δι
1686 1327 1844 1418 Speculi:
1885 1327 1921 1398 fit
1943 1328 2004 1402 fib·
2025 1333 2074 1388 Hi

399 1432 479 1503 alius
503 1428 607 1498 radius
627 1418 677 1499 'bb
699 1427 740 1496 ab
769 1425 913 1496 inferiori
935 1445 1081 1495 extremo
1107 1427 1245 1518 objefli,
1271 1447 1475 1518 transeatque
1498 1424 1612 1496 focum
1637 1424 1653 1495 1
1679 1423 1796 1513 speculi
1823 1397 1984 1516 KHJ*
2003 1407 2031 1458 ⁴⁹

400 1529 453 1598 hic
481 1525 652 1616 replicatus
676 1526 836 1610 procurrit
860 1527 893 1591 in
917 1525 1002 1589 resta
1026 1524 1116 1613 lid,
1144 1523 1295 1612 parallelo
1318 1525 1369 1592 arti
1395 1521 1542 1606 GLA,
1567 1522 1620 1592 lric
1646 1521 1751 1591 radius
1778 1523 1924 1594 incidens

401 1628 435 1696 in
459 1623 578 1691 lentem
602 1618 709 1710 de,
735 1618 917 1714 refringitur
942 1617 983 1686 ud
1008 1616 1060 1700 G,
1085 1641 1120 1688 ut
1141 1616 1215 1688 GL
1232 1619 1267 1688 fit
1284 1637 1319 1696 :
1342 1618 1416 1706 LI,
1443 1617 1478 1689 dt
1496 1620 1566 1692 dG
1585 1635 1620 1694 Ξ
1639 1618 1696 1689 dl.
1746 1615 1923 1708 Objeftum

401 1715 592 1811 apparuisset
615 1718 672 1788 soli
697 1716 797 1786 oculo
821 1715 876 1784 sub
899 1713 1022 1805 ungulo
1046 1714 1060 1782 1
1069 1718 1110 1786 bi
1127 1732 1162 1794 Ξ
1184 1714 1283 1786 bIA.
1318 1714 1370 1784 sed
1400 1738 1466 1806 ope
1500 1714 1689 1805 'selescopii
1714 1713 1840 1783 videtur
1867 1714 1927 1786 sub

403 1815 523 1908 angulo
548 1810 656 1883 dGL
679 1827 714 1888 Ξ
743 1810 827 1883 dlL
851 1825 886 1884 :
915 1808 993 1879 ldi.
1021 1810 1065 1878 est
1085 1834 1163 1883 vero
1185 1810 1323 1904 angulus
1347 1811 1432 1903 Idi,
1460 1813 1500 1882 ad
1525 1811 1679 1905 angulum
1706 1809 1771 1880 Ibi
1795 1836 1803 1880 :
1830 1835 1838 1880 ε
1864 1809 1923 1886 bl.

402 1910 466 1984 I'd,
492 1909 575 1979 adeo
591 1929 626 1978 ut
639 1909 847 1999 amplificatio
866 1903 983 1995 objcfli
1003 1906 1185 1999 telcscopio
1200 1907 1255 1978 vili
1277 1908 1312 1975 frt
1336 1907 1486 1999 adeam,
1514 1928 1586 1997 quae
1614 1905 1672 1975 soli
1697 1906 1798 1976 oculo
1823 1929 1925 2000 appan

404 2006 532 2088 tuill'et,
559 2008 604 2074 uti
627 2005 771 2076 dillantia
793 2004 859 2075 soci
885 2001 1004 2093 speculi
1029 2026 1047 2073 a
1071 2002 1203 2095 speculo
1228 2002 1271 2073 ad
1293 2003 1472 2073 distantiam
1496 2003 1563 2074 foci
1589 2000 1685 2072 lentis
1710 2023 1729 2068 a
1754 1999 1854 2073 lcnte.
1946 2005 1956 2020 '

459 2100 603 2197 Quando
637 2104 734 2195 igitur
763 2100 854 2173 Lens
883 2097 914 2169 L
946 2098 991 2170 cst
1021 2104 1132 2193 portio
1163 2102 1290 2193 exiguoe
1316 2099 1477 2192 sphactae,
1509 2120 1643 2190 campus
1669 2093 1830 2190 speciatur
1853 2119 1930 2192 pat.-

399 2222 467 2271 rus.

459 2320 489 2420 §.
518 2321 692 2396 MMXL.
727 2322 784 2391 De
807 2322 1015 2405 Telescopiis
1042 2318 1294 2406 Catadioptricls
1320 2322 1387 2413 egit
1410 2320 1555 2411 Jacobus
1581 2320 1766 2412 Gregorius
1791 2340 1865 2391 ante
1890 2320 1931 2397 Is.

403 2419 644 2504 Newtonum‚
668 2436 767 2502 etque
792 2418 826 2483 in
852 2412 973 2501 Optica
996 2433 1174 2500 promota,
1214 2436 1288 2504 quae
1310 2417 1395 2485 editu
1420 2416 1466 2485 est
1491 2419 1591 2487 Anno
1622 2416 1741 2505 1663,
1776 2415 1930 2507 Propou-

404 2519 488 2588 tioni
513 2535 571 2604 59.
595 2511 720 2580 addidit
741 2508 950 2602 Epilognm,
983 2510 1016 2577 in
1041 2530 1107 2597 quo
1139 2508 1292 2582 disserens
1323 2512 1365 2581 de
1387 2511 1593 2604 Telescopiis
1619 2513 1755 2601 triplicis
1779 2516 1930 2607 generis,
2075 2559 2080 2566 -

406 2611 623 2698 Dinptricis,
648 2606 868 2696 Catoptricis,
895 2601 929 2672 dc
955 2603 1236 2692 Cntadloptricis,
1261 2611 1394 2696 inquit,
1420 2610 1493 2681 Hoc
1517 2616 1651 2682 tertium
1671 2634 1770 2704 genus
1794 2635 1932 2684 aureum

407 2709 498 2780 nullo
521 2706 615 2775 halet
641 2704 861 2792 incommodo,
894 2701 936 2781 &i
964 2723 1067 2770 amnes
1087 2707 1234 2792 priorum
1259 2728 1410 2799 generum
1431 2713 1642 2799 proprietates
1666 2709 1784 2778 habore
1803 2708 1931 2801 potest,

408 2806 553 2875 silentes
579 2801 620 2882 fid
636 2797 768 2893 specula
792 2805 856 2870 rite
878 2799 1109 2892 disponantur,
1137 2797 1254 2868 fatetur
1280 2820 1387 2870 tamen
1412 2804 1550 2888 Autor,
1577 2808 1667 2873 irrito
1694 2801 1834 2872 successu
1860 2803 1932 2873 haec

408 2898 604 2985 Telescopia
633 2915 753 2964 tentata
776 2894 893 2963 soille:
928 2895 1137 2966 nibilominus
1164 2894 1220 2965 Cl.
1245 2893 1412 2984 Hadleyus
1447 2899 1551 2970 Anno
1581 2899 1684 2991 1726.
1709 2919 1748 2966 en
1773 2896 1836 2967 levi
1862 2919 1934 2967 mu,

406 2989 707 3081 tationeperfeci13
733 2990 889 3060 deindea
917 2987 1118 3058 solenissimis
1142 2990 1239 3058 fabris
1265 2996 1421 3078 temporis
1446 2994 1618 3076 successu,
1643 2993 1741 3065 veluti
1767 2997 1800 3062 in
1826 2997 1932 3064 omni·

406 3095 470 3163 bus
486 3088 554 3158 fieti
569 3086 648 3156 solet
664 3086 841 3173 machinis,
867 3087 969 3176 magis
995 3087 1163 3176 magisque
1186 3085 1354 3172 poliuntur
1380 3083 1414 3155 &
1432 3092 1655 3160 emendantur.
1702 3089 1761 3160 Est
1778 3082 2004 3162 TYYTTib·
2020 3085 2088 3150 ²¹1*

408 3185 528 3260 canalis
553 3206 693 3265 aeneus,
723 3186 757 3253 in
794 3203 861 3272 quo
885 3178 1006 3250 leD
1037 3178 1082 3247 est
1111 3179 1277 3272 speculum
1308 3181 1508 3254 metallicum
1542 3185 1933 3276 sphaerico-concavum,
1962 3163 2036 3212 '¹⁸'

409 3289 442 3356 ln
462 3281 571 3352 medio
598 3281 630 3351 X
658 3278 769 3370 amplo
794 3277 956 3369 pertusum
980 3274 1151 3346 foramine.
1199 3275 1356 3348 Anterins
1381 3279 1414 3348 in
1439 3279 1508 3350 EF
1532 3281 1579 3351 est
1611 3280 1777 3371 speculum
1803 3281 1932 3372 sphaeri-

409 3399 660 3453 co·concauum
686 3380 819 3457 minus,
853 3373 987 3446 brachio
1015 3373 1128 3443 mobili
1154 3371 1229 3444 RT
1253 3372 1411 3459 affixum,
1448 3397 1483 3447 ut
1514 3374 1679 3465 speculum
1703 3377 1769 3448 EF
1794 3383 1932 3468 propius

410 3478 575 3549 admoveri
600 3475 640 3543 ad
665 3472 818 3555 leD,
851 3471 903 3542 vel
927 3469 999 3559 plus
1033 3473 1190 3538 removeri
1217 3466 1336 3557 poffit:
1371 3471 1408 3539 stt
1440 3471 1601 3562 objedum
1636 3473 1812 3545 admodum
1848 3476 1932 3546 dilst-
2035 3503 2049 3523 ·

412 3596 480 3647 tunt
507 3571 602 3650 AB,
627 3590 646 3637 e
667 3567 757 3657 cujus
783 3567 931 3654 supremo
956 3567 987 3632 ll
1011 3564 1088 3632 radii
1112 3565 1178 3654 cd,
1204 3562 1310 3648 CD,
1335 3585 1513 3650 emanant,
1538 3568 1636 3638 voluti
1662 3569 1680 3637 d
1705 3592 1795 3658 parte
1821 3571 1933 3643 infima

413 3668 491 3741 radii
515 3664 598 3747 IL,
629 3670 643 3733 i
650 3666 691 3746 lq
723 3663 758 3729 hi
782 3662 860 3729 radii
884 3657 959 3736 IL,
996 3658 1104 3743 CD,
1136 3680 1309 3750 antequam
1335 3661 1478 3734 canalem
1505 3662 1661 3733 TYYT
1685 3666 1931 3758 ingrediuntur,

414 3759 599 3838 decussatim
627 3762 658 3829 se
683 3759 815 3839 secant,
849 3756 939 3845 quod
960 3758 992 3824 in
1016 3757 1101 3825 brevi
1132 3755 1153 3824 li
1179 3778 1232 3824 ura
1265 3755 1409 3826 exhiberi
1442 3780 1509 3829 non
1540 3761 1680 3850 potuit,
1715 3761 1769 3830 sed
1801 3783 1841 3831 ex
1874 3764 1933 3832 dc·

411 3864 530 3950 scripto
558 3856 695 3946 obliquo
718 3852 851 3923 decursu
874 3850 969 3920 facile
993 3851 1126 3944 colligi:
1196 3852 1259 3921 adii
1293 3851 1309 3920 l
1318 3850 1366 3943 L,
1394 3851 1498 3940 CD,
1529 3859 1562 3926 in
1596 3856 1762 3949 speculum
1795 3856 1868 3928 LD
1893 3859 1934 3929 il·

413 3957 512 4049 lapsr,
534 3953 715 4040 redditique
734 3952 767 4019 in
790 3947 867 4017 soco
889 3944 986 4027 KH,
1012 3949 1186 4042 imaginem
1213 3947 1332 4038 objesli
1362 3951 1435 4022 AB
1459 3954 1613 4026 inversam
1638 3958 1803 4051 pingunt,
1825 3958 1874 4028 uti
1898 3957 1941 4027 in·-

412 4053 636 4128 Newtoniano
663 4045 888 4135 Telescopio:
920 4043 1038 4112 deinde
1072 4065 1112 4112 ex
1143 4044 1202 4113 hac
1229 4047 1370 4137 imagine
1397 4067 1548 4136 tanquam
1574 4052 1616 4117 ab
1642 4054 1772 4142 objeclo
1798 4052 1938 4122 ulterius-

413 4143 565 4242 progressr
589 4144 737 4215 incidunt
759 4145 792 4211 in
816 4139 981 4231 speculum
1005 4142 1144 4207 anterius
1167 4137 1262 4220 EF,
1295 4139 1386 4227 cujus
1415 4161 1563 4211 centrum
1594 4146 1639 4212 est
1665 4150 1698 4214 in
1723 4168 1769 4228 e,
1803 4149 1844 4213 ab
1868 4145 1939 4215 hoc

415 4243 544 4337 speculo
568 4241 713 4331 replicati
740 4253 972 4309 concurrerent
1001 4237 1034 4303 in
1057 4231 1163 4327 QQ,
1198 4233 1241 4299 ibi
1276 4231 1407 4304 alteram
1441 4238 1557 4326 pifluri
1588 4240 1763 4336 imaginem
1793 4241 1932 4309 credam

414 4337 643 4437 magnitudinis
665 4331 775 4429 QQ,
810 4333 863 4403 sed
884 4352 959 4402 cum
986 4330 1028 4400 src
1050 4331 1091 4398 ab
1117 4326 1216 4399 oculo
1239 4327 1311 4419 post
1336 4328 1415 4427 QQ
1442 4354 1499 4422 per
1531 4339 1685 4429 exiguum
1711 4335 1856 4407 sotamen
1882 4339 1933 4405 ni·

415 4443 475 4511 mis
496 4456 592 4526 parva
613 4435 723 4525 portio
747 4432 895 4526 imaginis
920 4429 1105 4513 videretur,
1131 4428 1163 4496 in
1187 4426 1290 4496 canali
1318 4428 1488 4518 posteriori
1514 4433 1717 4519 MUUN‚
1752 4455 1857 4526 prope
1881 4431 1933 4504 fo·

415 4554 528 4607 tamen
552 4528 672 4620 speculi
695 4527 755 4615 X,
783 4529 854 4599 lens
880 4523 972 4598 MN
995 4525 1035 4594 ab
1058 4546 1121 4595 una
1141 4541 1231 4613 parte
1252 4523 1413 4619 gibboso,
1448 4529 1490 4598 ab
1512 4529 1609 4601 altera
1635 4554 1724 4623 parte
1750 4533 1847 4624 plona
1871 4551 1940 4624 po·-

417 4635 532 4710 nitnr,
557 4647 630 4714 quae
653 4626 800 4696 radiosa
826 4624 957 4715 speculo
982 4620 1051 4692 EF
1078 4622 1249 4713 replicatos
1272 4621 1446 4718 refringit,
1478 4644 1513 4696 ut
1538 4631 1593 4717 qui
1619 4651 1837 4701 veneranter<
1862 4613 1939 4702 uno·

416 4729 541 4818 pundo
568 4723 712 4812 objecti,
738 4725 831 4792 citius
856 4723 998 4802 codant,
1025 4722 1263 4813 imaginemque
1287 4722 1482 4807 minorem,
1508 4721 1543 4793 dt
1570 4730 1706 4800 ereflam
1731 4729 1873 4800 forment
1896 4730 1936 4795 in·

418 4822 517 4906 PV,
543 4821 614 4897 haec
647 4839 711 4907 ope
741 4819 875 4888 menisci
900 4816 952 4887 SS
980 4815 1134 4906 spedatut
1159 4818 1199 4885 ab
1223 4816 1323 4884 oculo
1344 4820 1378 4890 in
1404 4819 1449 4889 Ο.
1499 4819 1587 4894 Cum
1613 4829 1776 4898 rneniscus
1802 4827 1950 4904 radios,

416 4922 474 5018 qui
498 4919 701 5014 divergentes
731 4916 772 4989 ab
794 4917 932 5009 imagine
957 4911 1024 4985 PV
1048 4934 1195 5001 exeunt,
1229 4911 1374 5006 refringit
1399 4936 1434 4985 ut
1459 4920 1594 4994 evadant
1620 4924 1792 5018 paralleli,
1823 4914 1935 4990 fimus·-

1208 5008 1296 5081 Mur
1311 5031 1478 5104 mining
1863 5009 1942 5099 que
