4992 6767
851 622 906 723 1³-
952 623 997 722 lc-
1066 612 1476 786 tantia
1842 619 1980 756 373¹

396 865 407 906 a
451 837 564 933 4⁰..si
584 832 603 907 d
627 819 796 906 ubuum
813 828 942 901 Succuri
964 829 1092 902 Saturni
1117 829 1215 904 effusi
1237 836 1337 907 etiam
1359 858 1428 907 non
1454 836 1608 909 turbetur.
1692 835 1727 844 ''

441 993 446 1009 .
481 958 506 1006 ο.
539 930 673 1025 Sisapo
696 923 844 1000 Venetus
867 928 908 997 ed
931 930 966 1000 in
989 929 1094 1019 Aqua
1123 932 1324 1022 equabiiirer
1346 935 1471 1025 absque
1495 934 1568 1006 ullis
1594 934 1711 1007 relisiis
1735 932 1925 1030 fragmentis

400 961 601 1116 dissoluatur:
627 1025 744 1100 namh
765 1029 802 1098 in
824 1022 1023 1117 aquisierit
1044 1025 1242 1112 Vitriolutir,
1265 1031 1315 1100 vel
1341 1029 1503 1117 Alumen,
1528 1033 1605 1124 l'apo
1629 1056 1698 1103 non
1721 1034 1923 1128 aequabiliter

398 1130 552 1213 solvitur,
578 1132 613 1198 in
635 1125 815 1222 fingmenta
838 1123 926 1207 abit,
952 1124 1029 1194 ideo
1052 1126 1086 1195 in
1108 1125 1242 1195 acidulis
1267 1125 1351 1220 sapon
1369 1150 1536 1219 nunquam
1561 1129 1703 1201 solvitur.

397 1288 400 1294 .
455 1226 508 1298 6⁰.
542 1224 577 1295 Si
600 1226 619 1293 l
643 1223 753 1314 spiritu
776 1218 847 1293 salis
867 1222 1063 1291 ammoniaci
1085 1217 1188 1291 offam
1212 1243 1293 1313 aqua
1310 1245 1387 1296 ’non
1413 1228 1576 1312 turbetur,
1601 1250 1675 1299 cum
1701 1230 1789 1300 enim
1812 1232 1921 1320 Aqua

397 1323 441 1400 hi
456 1325 609 1396 marinus
626 1318 737 1404 ineli,
752 1320 896 1390 matula
917 1317 999 1389 albae
1025 1318 1201 1413 coagulum
1225 1320 1347 1407 oritur,
1371 1344 1445 1414 quae
1468 1321 1655 1395 lamellntim
1680 1346 1826 1418 praeceps
1844 1329 1919 1398 ruit.

394 1460 398 1466 ·
425 1436 481 1535 ·-§.
506 1429 812 1507 MCCCCXLIV.
836 1433 933 1522 Aqua
952 1430 1263 1522 pluvia,·putculis,
1288 1454 1343 1505 aut
1358 1429 1542 1532 fluviatilis,
1565 1437 1660 1509 doliis
1685 1440 1848 1511 navalibus
1873 1442 1924 1513 in·
2062 1504 2071 1516 .
2210 1443 2217 1458 “

399 1535 469 1609 susa
489 1537 622 1605 minime
644 1531 738 1602 durat
760 1532 794 1601 in
819 1527 919 1623 longa
946 1530 1177 1623 navigatione,
1208 1528 1263 1614 sed
1296 1531 1367 1623 ejus
1397 1531 1572 1623 limpidius
1602 1538 1636 1606 in
1670 1539 1805 1608 viridem
1828 1538 1922 1608 colo·
2037 1610 2040 1615 ,

399 1653 493 1715 rem,
520 1627 667 1721 &sapor
687 1650 725 1699 ac
747 1627 833 1697 odor
845 1645 1027 1708 mutantur,
1051 1626 1135 1695 adeo
1160 1644 1197 1695 ut
1219 1628 1372 1697 nauseosa
1397 1626 1474 1707 siat,
1496 1628 1691 1722 saeteatque,
1716 1655 1779 1704 nec
1801 1656 1820 1702 a
1842 1655 1923 1706 nau·
1963 1633 1967 1641 '

400 1734 475 1803 ticia
498 1728 592 1798 facile
614 1727 682 1799 bibi
704 1723 807 1818 polito
858 1722 946 1795 Tum
966 1743 1075 1794 autem
1099 1744 1195 1814 parva
1219 1723 1275 1793 alit
1299 1723 1436 1809 insecta,
1461 1725 1575 1797 saetore
1599 1728 1740 1813 allecia,
1765 1752 1838 1822 qua
1862 1730 1923 1803 do·

399 1830 521 1915 ilqmm
545 1837 650 1916 poros
672 1835 858 1916 perrepunt
874 1871 886 1906 ,
903 1818 955 1891 ·&
977 1822 1084 1917 lignea
1116 1819 1300 1909 opercula,
1331 1843 1405 1912 quae
1431 1820 1507 1893 ollis
1527 1821 1670 1922 figulinis
1693 1830 1925 1918 imponunturt·

401 1930 437 2000 in
459 1946 545 2015 aqua
564 1921 657 1993 fatus
682 1921 734 1994 vel
757 1942 818 1991 ova
841 1938 997 2010 ponunt,
1028 1921 1064 1988 in
1090 1938 1240 2012 magnam
1272 1917 1512 2016 multitudinem
1544 1920 1692 1995 celeriter
1715 1924 1924 2012 increscunt,

398 2025 533 2098 aurbs
554 2040 703 2110 ponunt,
728 2018 846 2088 deinde
863 2035 1082 2099 emnescunt,
1107 2036 1162 2085 aut
1177 2013 1326 2100 avolant;
1351 2018 1517 2109 italique
1542 2020 1575 2089 in
1596 2017 1703 2117 longo
1727 2022 1843 2091 itincre
1868 2017 1924 2092 In·

394 2122 476 2194 dias.
494 2117 600 2189 verlits
622 2137 671 2187 ter
692 2136 847 2207 quaterve
872 2118 1113 2205 corrumpitur,
1139 2114 1264 2202 semper
1292 2113 1383 2183 aiens
1407 2114 1521 2185 diversi
1544 2120 1673 2210 generis
1688 2117 1805 2189 insedit
1821 2117 1923 2213 (o)t

397 2217 435 2292 st
457 2218 528 2290 hec
553 2215 654 2308 Aqua
674 2213 788 2283 saetens
812 2212 941 2282 subdito
961 2214 1038 2306 igne
1064 2210 1218 2293 ebulliat,
1243 2214 1427 2281 moriuntur
1451 2211 1597 2295 instua,
1623 2210 1658 2284 dt
1682 2236 1747 2286 una
1770 2237 1847 2287 cum
1872 2236 1924 2287 re·

397 2314 496 2405 liquis
529 2313 652 2382 antiis
686 2309 721 2380 lit
750 2310 897 2379 sordibus
927 2308 969 2377 ad
1000 2305 1138 2377 fundum
1162 2308 1419 2398 praecipituntur.
1466 2308 1632 2380 Adversus
1657 2311 1862 2400 putredinem
1887 2308 1926 2383 dt

399 2412 518 2483 insecta
538 2429 658 2498 aquam
680 2406 803 2476 seruare
827 2404 945 2475 studuit
968 2401 1153 2474 Deslandes
1176 2400 1211 2472 dt
1235 2404 1354 2475 deinde
1381 2402 1528 2477 Halesus
1551 2457 1562 2490 ,
1594 2405 1710 2494 dolia,
1735 2410 1924 2500 priusquam

399 2506 574 2597 implentur
597 2503 702 2591 aqut,
725 2499 819 2569 fumo
846 2501 987 2569 ardentis
1012 2498 1167 2589 sulphuris
1188 2502 1292 2590 probe
1316 2501 1518 2585 inficiantur,
1545 2524 1613 2574 tum
1637 2526 1730 2596 aquae
1753 2508 1788 2576 in
1814 2506 1923 2596 quoli-

401 2604 463 2675 bet
484 2599 578 2667 dolio
600 2599 698 2664 uncia
716 2594 783 2663 olei
811 2593 995 2681 sulphuris,
1025 2596 1077 2661 uel
1107 2597 1185 2662 ocio
1217 2596 1356 2683 scrupuli
1381 2595 1447 2666 olei
1472 2598 1589 2668 vitrioli
1613 2598 1843 2671 affundentur:
1878 2606 1924 2673 ita

403 2700 622 2782 incorrupta,
659 2688 774 2779 utilis,
805 2703 868 2757 nec
891 2684 1012 2757 sanitati
1035 2688 1134 2756 noxia
1155 2687 1322 2778 praellatur
1351 2709 1435 2778 aqua
1464 2694 1713 2788 navigantibus:
1749 2699 1797 2766 uti
1822 2698 1925 2770 ambo

397 2791 522 2864 ,eruditi
546 2785 828 2856 commendavere.
1456 2839 1460 2848 .

453 2898 485 2997 ς.
510 2893 798 2968 MCCCCXLV.
823 2892 921 2984 Aqua
944 2913 1054 2985 pura,
1081 2893 1143 2963 five
1165 2894 1248 2962 aeris
1274 2892 1401 2982 plena,
1434 2894 1498 2967 siue
1521 2894 1591 2986 ejus
1615 2920 1748 2989 expers,
1777 2917 1928 2994 ternpore

397 2998 521 3095 -frigido
543 2991 664 3064 inclusa
686 2993 747 3062 vali
770 3010 894 3075 aureo,
919 3010 1094 3084 argenteo,
1119 2988 1298 3078 plumbeo,
1323 2988 1527 3076 stanneove,
1551 2993 1729 3084 compressa
1752 2996 1786 3066 iu
1812 2996 1930 3069 Antlia

397 3100 446 3170 ab
468 3090 622 3176 embolo,
648 3088 700 3159 vel
721 3090 755 3159 in
777 3086 898 3179 praelo,
923 3084 975 3158 vel
999 3086 1116 3155 isiibus
1141 3082 1278 3166 mallei,
1302 3104 1371 3155 uon
1395 3086 1522 3157 uidetur
1545 3088 1780 3178 condensabilis
1806 3094 1840 3162 in
1865 3094 1928 3162 mi·

397 3214 464 3268 nus
487 3188 661 3270 volumen,
686 3185 777 3277 quod
798 3186 833 3254 in
854 3180 972 3255 oculos
994 3184 1188 3266 incurreret,
1212 3179 1491 3271 quemadmodum
1515 3180 1704 3276 Philosophi
1721 3184 1928 3275 Flort'trtini,

404 3290 441 3365 dt
464 3285 592 3358 deinde
610 3282 666 3353 alii
688 3282 796 3354 multis
818 3280 1050 3369 experimentis
1073 3282 1263 3349 evicerunt:
1292 3280 1402 3368 potius
1434 3279 1523 3349 eninr
1548 3283 1630 3352 roris
1654 3280 1751 3353 instar
1775 3283 1925 3356 metallu-

399 3398 804 3473 ·1umpur0sperreptat,
827 3378 912 3447 adeo
938 3396 973 3446 ut
996 3382 1153 3465 quantum
1174 3396 1194 3444 a
1217 3376 1250 3445 ui
1275 3394 1407 3444 externa
1432 3397 1546 3447 cavum
1561 3380 1724 3450 internum
1741 3382 1926 3468 minuatur,
2034 3388 2038 3398 “

406 3501 532 3555 tantum
551 3498 647 3566 aquae
670 3493 819 3546 accurate
843 3471 999 3555 exsudet,
1031 3473 1077 3540 uti
1101 3470 1143 3540 ad
1169 3490 1400 3559 quemcunque
1431 3471 1538 3542 mallei
1569 3475 1670 3544 isium
1694 3474 1926 3566 applanantem

406 3580 517 3651 videre
540 3574 612 3643 est:
644 3570 698 3640 Ex
719 3571 786 3640 hoc
805 3571 1030 3657 experimento
1057 3563 1311 3648 concludimus,
1344 3566 1516 3655 particulas
1541 3589 1636 3658 aquae
1657 3569 1722 3640 esse
1745 3572 1928 3646 admodum

407 3677 526 3754 dums,
557 3691 625 3738 non
654 3665 748 3735 facile
770 3666 804 3734 in
832 3662 997 3734 interstitia
1018 3664 1171 3752 inprimi,
1189 3680 1245 3731 aut
1267 3661 1369 3757 ligurd
1394 3668 1536 3736 mutari:
1563 3664 1645 3737 Non
1670 3667 1804 3757 quidem
1826 3668 1931 3760 plane

408 3768 536 3844 constat
552 3766 681 3852 Aquam
702 3782 745 3833 ne
766 3760 817 3832 vel
839 3759 997 3830 tantillum
1018 3761 1053 3828 in
1071 3758 1178 3827 minus
1192 3756 1345 3830 νοιυωιη
1370 3758 1463 3848 polle
1484 3761 1618 3849 reduci,
1638 3783 1697 3834 atat
1719 3763 1848 3856 prorsus
1862 3764 1931 3837 ell'e

396 3858 740 3953 incomprellibilem,
769 3876 844 3951 cum
866 3857 962 3926 audo
983 3854 1103 3950 frigore
1127 3854 1242 3944 sponte
1273 3853 1450 3942 densetur;
1482 3858 1536 3929 sed
1555 3869 1707 3951 'parum
1735 3859 1864 3932 metalla
1888 3858 1928 3936 d:

399 3958 550 4054 ,lapides
570 3953 739 4046 compressi
758 3954 854 4023 etiam
878 3973 947 4023 non
972 3954 1160 4046 rediguntur
1183 3952 1216 4019 in
1240 3952 1347 4021 minus
1368 3949 1549 4040 volumen,
1575 3957 1665 4047 quod
1679 3958 1779 4030 videri
1796 3958 1928 4048 potest,

405 4061 484 4131 licet
503 4053 634 4125 aliunde
653 4051 788 4122 sciamus
803 4048 874 4122 haee
896 4069 1037 4140 corpora
1055 4067 1123 4117 non
1139 4044 1204 4116 esse
1228 4046 1357 4136 prorsus
1381 4046 1483 4133 dura,
1509 4049 1563 4121 sed
1587 4056 1620 4123 in
1646 4056 1755 4125 minus
1768 4054 1928 4127 volumen

398 4154 509 4249 redigi
532 4148 635 4242 polle.
694 4146 833 4239 Propter
856 4167 950 4237 aqua.-
974 4146 1124 4215 duritiem
1150 4142 1274 4236 lignum
1298 4143 1432 4234 planitie
1455 4151 1491 4219 in
1514 4168 1632 4239 aquam
1656 4149 1805 4221 adanam
1829 4152 1928 4221 findi·

406 4272 479 4334 tur,
504 4271 542 4320 ac
565 4248 588 4318 fi
609 4250 645 4317 in
669 4266 790 4336 corpus
812 4244 930 4316 dtuum
952 4243 1127 4333 impedium
1159 4235 1280 4308 inisset:
1304 4242 1395 4334 globi
1418 4243 1563 4335 plumbei
1588 4265 1630 4316 ex
1651 4246 1814 4336 catapulta
1839 4243 1928 4317 obli·

406 4371 471 4442 que
493 4349 664 4437 inaquam
689 4341 813 4434 explosi
836 4339 1069 4432 applanantur,
1101 4335 1179 4407 acfi
1202 4336 1236 4406 in
1258 4335 1400 4429 lapidem
1429 4339 1649 4427 incurrissent,
1682 4344 1753 4413 itno
1784 4343 1868 4436 saepe
1890 4343 1930 4415 in

406 4466 513 4539 partes
538 4441 687 4514 dillilitmt
717 4439 811 4534 (b).
861 4434 972 4512 Vitrea
988 4435 1103 4531 lagena
1126 4452 1219 4524 aquae
1240 4434 1368 4525 plena,
1393 4434 1504 4509 subere
1527 4440 1763 4532 imprudentius
1785 4442 1930 4527 adusto,

404 4540 591 4634 frangitur,
621 4560 705 4629 aqua
735 4537 824 4608 enim
855 4556 923 4605 non
953 4532 1051 4605 cedit.
1101 4529 1210 4602 Uudae
1228 4533 1360 4603 marinae
1383 4554 1404 4604 a
1429 4536 1615 4628 tempeilate
1639 4559 1715 4612 cum
1740 4541 1928 4631 mpetum

403 4658 522 4729 rupes,
544 4654 694 4720 montes,
716 4633 846 4718 littora,
871 4650 1009 4727 aggeres
1029 4630 1198 4720 impaslt,
1222 4631 1362 4701 maxima
1385 4631 1539 4707 violentia
1562 4639 1676 4709 omnia
1695 4634 1933 4732 conquallant,

390 4878 392 4881 ·
485 4863 547 4940 (o)
570 4861 724 4923 l'Hllloire
745 4861 781 4919 de
803 4859 917 4922 l’hctd.
940 4866 1017 4937 Roy.
1041 4860 1095 4923 Ao.
1113 4874 1200 4933 ηπ.
1218 4873 1283 4939 pag·
1305 4874 1355 4926 12.

485 4947 543 5025 (i)
566 4938 720 5008 i'flistoire
743 4938 888 5003 debead.
910 4943 992 5023 lior.
1013 4940 1171 5023 haam
1392 5002 1394 5005 Α
1428 4945 1431 4951 ’
