4992 6767
403 1468 467 1585 flag.
480 1535 504 1576 ι.

409 1984 463 2045 fag.
481 1992 506 2033 ί.

414 2656 475 2707 aab.
484 2660 537 2707 11..

414 2721 468 2785 Fie-
490 2738 514 2777 a.

547 684 642 791 ,aa
789 674 894 763 un
948 670 1315 762 ntvuasn
1372 666 1831 758 aautouuur

550 875 754 968 propriorem
779 870 820 941 ad
848 869 878 939 se
901 866 1088 951 accessum,
1122 889 1190 939 non
1214 885 1322 937 vetem
1343 864 1608 955 pennillionem,
1633 882 1689 935 aut
1711 863 1958 936 delitudlionem
1981 860 2084 954 fieri-‚q

550 990 658 1062 patet,
684 970 759 1057 quia
784 967 807 1037 st
832 966 913 1038 ultra
937 965 1048 1037 focum
1071 966 1112 1035 ad
1136 981 1151 1037 t
1156 986 1181 1059 p
1204 982 1407 1035 removeatur
1428 962 1582 1052 planum,
1606 961 1658 1033 uel
1685 961 1790 1029 tabula
1811 966 1996 1053 excipiens,
2023 960 2076 1029 ili·

550 1089 594 1154 co
616 1065 745 1136 colores
773 1063 872 1135 iidem
896 1084 935 1133 ac
959 1083 1056 1149 ante,
1081 1062 1135 1132 sed
1155 1060 1280 1132 inverso
1303 1059 1419 1129 ordine
1445 1060 1662 1149 apparebunt:
1688 1055 1786 1127 veluti
1810 1061 1903 1127 etiam
1922 1059 1957 1127 fit
1973 1060 2007 1125 in
2024 1075 2079 1123 ra·

550 1163 613 1234 diis
636 1184 655 1233 a
678 1160 812 1253 speculo
837 1180 987 1236 convexo
1012 1157 1158 1232 reflexis:
1177 1158 1335 1249 adeoque
1359 1154 1439 1226 radii
1464 1153 1614 1245 explicati
1636 1152 1790 1224 exhibent
1815 1153 1963 1240 colores,
1988 1174 2078 1224 con·

549 1261 652 1354 juncti
677 1259 836 1334 alborem.

568 1425 575 1435 ·
605 1393 638 1495 ς.
663 1388 973 1468 MDCCCXVlll.
1006 1390 1041 1461 st
1071 1388 1168 1461 'socus
1200 1386 1258 1473 G,
1283 1387 1384 1459 altero
1407 1383 1680 1479 prismate'HlK
1704 1382 1914 1476 inspiciatur,
1948 1388 1982 1456 in
2005 1383 2084 1457 suos

542 1490 688 1568 ‘colores
711 1489 862 1563 refrasttrs
883 1506 1037 1578 appetet,
1062 1507 1098 1557 ut
1124 1486 1223 1557 ruber
1246 1484 1282 1555 fit
1305 1486 1339 1555 in
1376 1507 1416 1568 r,
1446 1484 1607 1555 violaceus
1631 1487 1664 1553 in
1688 1482 1740 1564 V,
1765 1503 1919 1552 unacum
1937 1482 2006 1552 aliis
2025 1504 2084 1554 co·

559 1587 683 1662 loribus
711 1584 921 1656 intermediis.
971 1581 1070 1654 Unde
1094 1586 1209 1656 iterum
1231 1580 1391 1671 sequitur,
1418 1580 1727 1653 colores'colleslos
1750 1579 1782 1647 in
1810 1576 1872 1661 G,
1899 1574 1934 1648 δι
1960 1580 2085 1649 cando·

556 1681 627 1759 t'em
650 1681 864 1767 exhibentes,
891 1701 958 1751 non
983 1679 1047 1750 esse
1073 1679 1259 1764 distinctos,
1285 1687 1347 1748 ne'c
1373 1681 1508 1749 mixtos:
1534 1677 1589 1746 lux
1611 1678 1696 1746 enim
1720 1696 1796 1744 cum
1821 1675 1895 1755 luce
1921 1697 1989 1745 non
2007 1678 2083 1747 tuia-

555 1804 668 1869 cemr,
692 1779 791 1851 veluti
814 1780 898 1849 varia
922 1776 1025 1849 fluida
1050 1774 1245 1847 diversorum
1271 1774 1422 1846 colorum
1447 1772 1692 1864 &qualitatum
1718 1774 1845 1841 misceri
1871 1770 1986 1841 solent.

407 1916 467 1966 rau.
487 1919 552 1967 xit.
610 1911 641 2010 §·
667 1909 910 1982 MDCCClX,
937 1908 1018 1981 Duo
1033 1914 1184 2003 prismata
1200 1910 1330 1998 ΑΒΕ,
1355 1914 1448 1998 alic,
1474 1930 1611 2001 quorum
1630 1908 1738 2004 anguli
1756 1908 1969 2003 restingentes
1986 1910 2082 2000 B,·b.‚

562 2010 632 2082 mut
656 2008 815 2097 equales,
840 2007 991 2102 parallele
1012 2011 1053 2079 ita
1077 2004 1211 2078 inrerse
1235 2009 1460 2092 collocentur,
1485 2029 1520 2078 ut
1541 2007 1676 2100 angulus
1691 2007 1850 2097 prismatis
1872 2004 2084 2104 Beontingat

559 2107 694 2176 alterum
714 2103 767 2188 C,
792 2106 933 2195 binaque
946 2103 1043 2174 latera
1068 2104 1157 2188 CB,
1174 2106 1236 2191 cb,
1262 2108 1295 2174 in
1314 2105 1470 2175 directum
1485 2104 1631 2195 jaccant,
1656 2101 1844 2191 lum'enper
1859 2100 2082 2193 illaprismata

560 2202 724 2295 trajeclum
748 2203 926 2290 excipiatur
947 2203 981 2269 in
1003 2202 1111 2272 charta
1136 2200 1178 2268 llll
1192 2200 1251 2283 N„
1278 2221 1351 2289 quae
1377 2199 1544 2270 intervallo
1558 2202 1694 2272 circiter
1725 2200 1745 2269 8
1770 2198 1819 2267 vel
1857 2220 1898 2268 ra
1914 2199 2081 2289 pollicum

560 2297 805 2388 aprismatibus
831 2295 957 2364 dillet:
987 2295 1052 2384 jam
1085 2294 1213 2363 colores
1231 2296 1278 2364 ab
1300 2297 1518 2367 'interioribus
1543 2296 1694 2367 binorum
1719 2296 1906 2385 prismatum
1929 2301 2084 2371 extremis

560 2394 588 2464 B
615 2390 649 2464 dt
673 2416 690 2463 c
712 2392 813 2486 geniti
836 2391 1135 2462 commiscebuntur
1158 2392 1191 2458 in
1212 2389 1291 2460 loco
1318 2389 1406 2475 PT,
1439 2392 1550 2481 ibique
1572 2391 1756 2461 albedinem
1779 2390 1931 2461 efficient:
1956 2397 2082 2464 etenim

559 2492 714 2561 alterutro
737 2488 890 2577 prismate
912 2508 1060 2571 remoto,
1086 2486 1215 2556 colores
1236 2488 1278 2558 ab
1296 2485 1398 2557 altero
1423 2489 1524 2582 geititi
1549 2490 1581 2558 iu
1597 2481 1674 2557 ldco
1698 2487 1756 2557 illo
1781 2485 1846 2556 PT
1860 2488 2080 2580 apparebunt.

575 2604 582 2614 ·
613 2587 647 2655 st
672 2605 806 2675 quoque
831 2586 940 2679 imago
966 2584 1108 2653 colorata
1141 2582 1206 2653 PT
1228 2583 1247 2652 d
1272 2584 1459 2673 Spedlatore
1484 2582 1771 2674 aliquntpedibus
1796 2583 1931 2654 distante
1948 2578 2082 2676 &pris-

563 2702 648 2757 mate
669 2679 852 2771 inspiciatur
876 2729 887 2761 ,
920 2683 1028 2774 imago
1059 2679 1125 2749 PT
1154 2681 1323 2769 apparebit
1344 2679 1485 2750 rotunda
1510 2681 1611 2765 alba,
1645 2679 1887 2763 utisoramen,
1913 2682 2088 2775 perquod

562 2782 619 2852 lux
643 2777 673 2846 se
696 2780 728 2846 in
754 2776 864 2845 locum
886 2774 1070 2845 infuderat:
1104 2775 1187 2845 adeo
1212 2793 1247 2845 ut
1269 2777 1384 2846 itemm
1405 2778 1561 2867 probetur
1586 2776 1777 2848 concursum
1791 2777 1969 2847 radiorum
1994 2778 2088 2851 colo·

562 2894 724 2958 tutorum,
751 2873 855 2964 qualis
877 2873 911 2943 in
931 2873 1156 2946 traufitulucis
1171 2892 1229 2962 per
1244 2871 1554 2960 secuudumprisnta
1571 2872 1724 2957 efficitur,
1750 2870 1914 2945 conficere
1928 2872 2088 2948 alborem.

608 3022 644 3112 §.
669 3017 931 3091 MDCCCXX.
965 3017 1000 3086 Si
1025 3007 1217 3083 diverliffimi
1246 3008 1367 3080 coloris
1400 3013 1565 3105 pigmenta
1596 3014 1806 3085 determinata
1829 3016 1928 3105 copia
1952 3022 2095 3107 permis·

564 3140 698 3200 centur,
723 3114 822 3200 veluti
843 3113 1152 3204 sluripigmentum,
1176 3104 1291 3176 Vitide
1311 3104 1434 3190 AEris,
1460 3108 1897 3193 Coeruleumllslomanum,
1922 3109 2089 3205 Purpura,

565 3230 784 3300 componetur
809 3209 934 3297 pulvis,
960 3209 1017 3294 qui
1043 3205 1160 3273 chartae
1183 3201 1281 3271 illitus
1304 3200 1504 3274 cralstuscule
1531 3201 1565 3275 δι
1590 3228 1609 3275 a
1630 3204 1707 3276 Sole
1724 3208 1944 3294 illuminatus,
1968 3211 2090 3285 addis·

567 3311 698 3386 tantiam
725 3305 765 3374 ¹8
791 3303 911 3392 pedum
941 3300 1116 3391 spectetur„
1135 3302 1289 3370 ,cinereus
1304 3298 1352 3370 ,ad
1368 3298 1558 3373 ,albedinem
1577 3323 1720 3398 ,vergens
1744 3324 1889 3398 apparet.
1940 3305 1979 3377 ln
2000 3307 2087 3382 Tur·

567 3406 652 3474 binis
674 3400 773 3495 lignei
797 3400 896 3490 plano
920 3396 1217 3489 supremocolores
1251 3417 1288 3468 ea
1312 3400 1527 3487 proportione
1557 3402 1647 3489 pinxi
1676 3422 1714 3470 ac
1736 3404 1770 3471 in
1796 3400 1958 3473 schemate
1981 3404 2097 3479 Solari'

444 3550 449 3557 .
568 3500 667 3582 sunt,
697 3499 744 3567 uti
770 3496 988 3577 Carminum,
1022 3493 1166 3564 Crocum
1191 3514 1267 3563 cum
1297 3493 1451 3563 Alumine
1470 3495 1643 3578 ¹solutum,
1676 3499 1948 3584 Auribradleem,
1974 3498 2086 3574 Viride

569 3593 683 3678 AEris,
710 3593 900 3666 Coeruleum
921 3592 1141 3674 Montanum,
1168 3590 1389 3680 Purpureum,
1416 3590 1619 3662 Violaceum.
1659 3592 1797 3666 ''Funem
1821 3598 1906 3665 circa
1919 3600 2085 3672 turbinem

445 3737 448 3742 -
568 3693 782 3763 convolutum
805 3690 951 3760 celeriter
973 3692 1071 3769 traxi,
1097 3708 1132 3757 ut
1159 3688 1261 3756 turbo·
1282 3688 1448 3757 celerrime
1470 3692 1503 3758 in
1525 3690 1702 3766 rotundum
1724 3711 1917 3776 verteretur,
1943 3693 1998 3763 hic
2022 3718 2086 3787 qna

572 3811 663 3880 parte
685 3788 814 3857 colotes
838 3785 994 3856 circulum
1020 3783 1152 3869 piamun
1174 3781 1356 3862 belcham,
1382 3784 1502 3853 colori:
1529 3788 1668 3869 cinerei,
1694 3807 1760 3856 non
1781 3786 1963 3878 plane-albi
1988 3813 2088 3883 appa-

574 3888 660 3956 ruit:
693 3882 822 3950 colores
844 3879 974 3966 inspecti
1001 3878 1083 3945 adeo
1111 3877 1221 3965 rapide
1246 3877 1276 3946 se
1298 3877 1540 3968 sequebantur,
1573 3901 1609 3951 ut
1631 3882 1779 3978 distingui
1800 3905 1865 3953 non
1893 3892 2086 3975 potuerint,

575 3978 629 4047 sed
655 3975 747 4060 simul
772 3976 911 4066 aliquam
935 3972 1071 4044 fecerint
1095 3976 1368 4063 perceptionem,
1392 3978 1616 4049 exomnibus
1640 3981 1982 4072 utcunqueauixrrtn,
2009 4004 2094 4076 que

574 4075 700 4147 accedit
722 4073 762 4144 ad
788 4072 995 4146 sensationem
1021 4069 1189 4144 albedinis.
1242 4119 1246 4126 -
1642 4065 1654 4082 '

428 4244 564 4298 mnxtt.
589 4285 593 4294 .
614 4220 656 4310 .§·
681 4210 958 4292 utucccxxt.
990 4213 1023 4284 Si
1050 4217 1198 4287 omnium
1216 4217 1375 4291 colorum
1400 4218 1483 4291 radii
1508 4241 1577 4292 non
1600 4224 1859 4313 permiscentur,
1891 4223 1955 4295 saue
1976 4217 2098 4316 potira·

427 4313 485 4375 Fir.
504 4324 528 4366 s·

506 4402 518 4426 9

577 4337 646 4392 non
670 4312 746 4391 satis⁴
771 4310 964 4392 densentur,
989 4332 1056 4381 non
1079 4314 1272 4403 producitur
1294 4318 1430 4388 albedo:
1458 4317 1510 4387 sed
1534 4321 1575 4388 ab
1596 4320 1657 4389 hac
1678 4339 1721 4390 eo
1747 4319 1907 4414 maior-'lit
1928 4321 2087 4408 recessus,

463 4495 465 4500 ¹
564 4410 801 4504 &vergentia
825 4406 865 4475 ud
887 4405 1044 4490 luridum,
1069 4410 1121 4478 vel
1142 4412 1337 4499 peculiarem
1361 4414 1501 4505 aliquem
1526 4416 1701 4500 colorem,
1724 4419 1929 4512 quoplures
1952 4418 2100 4491 colorati'

486 4508 510 4546 ¹²·
579 4508 658 4576 radii
679 4503 869 4591 intercepti,
894 4506 1130 4593 paucioresque
1154 4506 1282 4577 colotes
1302 4508 1467 4600 conjuncli
1492 4509 1633 4583 suerint:
1665 4514 1794 4586 sienim
1820 4515 1916 4586 luxa
1939 4517 2096 4606 prismate'

576 4604 610 4670 iu
633 4600 707 4670 suos
724 4598 894 4668 coloratos
921 4599 1027 4671 radios
1046 4599 1182 4671 resradla
1204 4605 1237 4673 in
1261 4603 1381 4674 lentem
1403 4603 1491 4675 MN
1515 4609 1681 4695 inciderit,
1707 4608 1858 4683 &sotus
1883 4610 1919 4682 G
1942 4616 2087 4684 omnium

578 4695 727 4774 colorum
752 4694 788 4764 stt
809 4694 983 4779 candidus,
1008 4718 1113 4787 prope
1134 4695 1166 4766 's
1186 4701 1406 4790 intercipiatur
1426 4703 1541 4793 aliquis
1563 4705 1674 4790 color,
1700 4709 1800 4780 veluti
1819 4709 2016 4795 violaceus,
2041 4707 2098 4781 so··

579 4814 640 4865 cus
665 4789 712 4866 G.
725 4812 792 4861 non
812 4792 949 4882 amplius
975 4794 1164 4880 candescet,
1190 4795 1244 4866 sed
1264 4801 1467 4871 contrillatur
1489 4823 1623 4897 vergens
1645 4804 1685 4873 ad
1706 4805 1851 4875 colorem
1868 4806 2015 4891 susem:
2035 4809 2085 4878 iu·

580 4909 727 4987 tetcepto
748 4888 1007 4984 insupetcolure
1031 4891 1168 4981 ludica,
1194 4890 1358 4968 Gminus
1378 4899 1546 4972 madebit:
1571 4900 1702 4973 excluso
1722 4902 1828 4976 adbuc
1847 4904 1953 4976 rubro
1976 4904 2087 4977 colore
2114 4893 2121 4903 ’

596 5021 622 5070 ,ζ
639 5025 661 5063 ·,
2048 4996 2088 5070 id
