<?xml version="1.0" encoding="UTF-8"?>
<!DOCTYPE html PUBLIC "-//W3C//DTD XHTML 1.0 Transitional//EN"
    "http://www.w3.org/TR/xhtml1/DTD/xhtml1-transitional.dtd">
<html xmlns="http://www.w3.org/1999/xhtml" xml:lang="en" lang="en">
 <head>
  <title>
</title>
<meta http-equiv="Content-Type" content="text/html;charset=utf-8" />
  <meta name='ocr-system' content='tesseract 3.04.00' />
  <meta name='ocr-capabilities' content='ocr_page ocr_carea ocr_par ocr_line ocrx_word'/>
</head>
<body>
  <div class='ocr_page' id='page_1' title='image "./introductioadph00lulogoog_0315.png"; bbox 0 0 4992 6767; ppageno 0'>
   <div class='ocr_carea' id='block_1_1' title="bbox 770 698 1925 831">
    <p class='ocr_par' dir='ltr' id='par_1_1' title="bbox 770 698 1925 831">
     <span class='ocr_line' id='line_1_1' title="bbox 770 698 1925 831; baseline 0 -35"><span class='ocrx_word' id='word_1_1' title='bbox 770 698 1540 800; x_wconf 79' lang='lat' dir='ltr'>ntorrnrcn.</span> <span class='ocrx_word' id='word_1_2' title='bbox 1843 717 1925 831; x_wconf 67' lang='lat'>78,</span> 
     </span>
    </p>
   </div>
   <div class='ocr_carea' id='block_1_2' title="bbox 391 896 1930 1388">
    <p class='ocr_par' dir='ltr' id='par_1_2' title="bbox 391 896 1930 1388">
     <span class='ocr_line' id='line_1_2' title="bbox 446 896 1927 1002; baseline 0.006 -23"><span class='ocrx_word' id='word_1_3' title='bbox 446 906 480 1002; x_wconf 75' lang='grc' dir='ltr'>ς.</span> <span class='ocrx_word' id='word_1_4' title='bbox 505 896 848 980; x_wconf 86' lang='lat' dir='ltr'><strong>MDCCCCXLIV.</strong></span> <span class='ocrx_word' id='word_1_5' title='bbox 873 898 1043 1001; x_wconf 82' lang='lat' dir='ltr'><strong>Quoniam</strong></span> <span class='ocrx_word' id='word_1_6' title='bbox 1075 900 1221 994; x_wconf 81' lang='lat' dir='ltr'>Mvopes</span> <span class='ocrx_word' id='word_1_7' title='bbox 1253 903 1362 975; x_wconf 91' lang='lat' dir='ltr'>radios</span> <span class='ocrx_word' id='word_1_8' title='bbox 1393 903 1601 997; x_wconf 81' lang='lat' dir='ltr'>objtdiorum</span> <span class='ocrx_word' id='word_1_9' title='bbox 1633 911 1666 980; x_wconf 90' lang='lat' dir='ltr'>in</span> <span class='ocrx_word' id='word_1_10' title='bbox 1690 909 1798 980; x_wconf 87' lang='lat' dir='ltr'>oculis</span> <span class='ocrx_word' id='word_1_11' title='bbox 1831 917 1927 988; x_wconf 85' lang='lat' dir='ltr'>nimis</span> 
     </span>
     <span class='ocr_line' id='line_1_3' title="bbox 395 998 1928 1102; baseline 0.001 -22"><span class='ocrx_word' id='word_1_12' title='bbox 395 1008 606 1102; x_wconf 79' lang='lat' dir='ltr'>refringunt,</span> <span class='ocrx_word' id='word_1_13' title='bbox 641 999 825 1074; x_wconf 87' lang='lat' dir='ltr'>&amp;idcireo</span> <span class='ocrx_word' id='word_1_14' title='bbox 854 1020 979 1073; x_wconf 88' lang='lat' dir='ltr'>tanturn</span> <span class='ocrx_word' id='word_1_15' title='bbox 1006 998 1137 1094; x_wconf 70' lang='lat' dir='ltr'>objedh</span> <span class='ocrx_word' id='word_1_16' title='bbox 1169 1004 1350 1092; x_wconf 89' lang='lat' dir='ltr'>propiora,</span> <span class='ocrx_word' id='word_1_17' title='bbox 1385 1013 1526 1095; x_wconf 81' lang='lat' dir='ltr'>quorum</span> <span class='ocrx_word' id='word_1_18' title='bbox 1559 1005 1638 1079; x_wconf 86' lang='lat' dir='ltr'>radii</span> <span class='ocrx_word' id='word_1_19' title='bbox 1659 1005 1795 1077; x_wconf 87' lang='lat' dir='ltr'>mulmnr</span> <span class='ocrx_word' id='word_1_20' title='bbox 1823 1008 1928 1082; x_wconf 88' lang='lat' dir='ltr'>diver·</span> 
     </span>
     <span class='ocr_line' id='line_1_4' title="bbox 391 1096 1927 1194; baseline 0.001 -19"><span class='ocrx_word' id='word_1_21' title='bbox 391 1179 395 1188; x_wconf 72' lang='grc'><em>,</em></span> <span class='ocrx_word' id='word_1_22' title='bbox 446 1127 507 1191; x_wconf 88' lang='lat' dir='ltr'>nt,</span> <span class='ocrx_word' id='word_1_23' title='bbox 533 1098 686 1173; x_wconf 77' lang='lat' dir='ltr'>distinete</span> <span class='ocrx_word' id='word_1_24' title='bbox 707 1096 818 1171; x_wconf 89' lang='lat' dir='ltr'>videre</span> <span class='ocrx_word' id='word_1_25' title='bbox 844 1097 1005 1191; x_wconf 87' lang='lat' dir='ltr'>polluat,</span> <span class='ocrx_word' id='word_1_26' title='bbox 1040 1101 1252 1170; x_wconf 84' lang='lat' dir='ltr'>remotiorum</span> <span class='ocrx_word' id='word_1_27' title='bbox 1280 1120 1359 1170; x_wconf 90' lang='lat' dir='ltr'>vero</span> <span class='ocrx_word' id='word_1_28' title='bbox 1383 1100 1592 1194; x_wconf 72' lang='lat' dir='ltr'>objeeiorum</span> <span class='ocrx_word' id='word_1_29' title='bbox 1623 1106 1729 1176; x_wconf 88' lang='lat' dir='ltr'>radios</span> <span class='ocrx_word' id='word_1_30' title='bbox 1757 1109 1851 1174; x_wconf 87' lang='lat' dir='ltr'>nimis</span> <span class='ocrx_word' id='word_1_31' title='bbox 1878 1129 1927 1177; x_wconf 89' lang='lat' dir='ltr'>re·</span> 
     </span>
     <span class='ocr_line' id='line_1_5' title="bbox 396 1196 1930 1294; baseline 0.001 -19"><span class='ocrx_word' id='word_1_32' title='bbox 396 1208 458 1275; x_wconf 86' lang='lat' dir='ltr'>irin</span> <span class='ocrx_word' id='word_1_33' title='bbox 484 1222 560 1293; x_wconf 89' lang='lat' dir='ltr'>unt,</span> <span class='ocrx_word' id='word_1_34' title='bbox 586 1221 653 1291; x_wconf 88' lang='lat' dir='ltr'>ope</span> <span class='ocrx_word' id='word_1_35' title='bbox 675 1196 968 1285; x_wconf 85' lang='lat' dir='ltr'>lentisconcavae,</span> <span class='ocrx_word' id='word_1_36' title='bbox 992 1197 1101 1270; x_wconf 90' lang='lat' dir='ltr'>radios</span> <span class='ocrx_word' id='word_1_37' title='bbox 1122 1196 1364 1294; x_wconf 81' lang='lat' dir='ltr'>dispergentis,</span> <span class='ocrx_word' id='word_1_38' title='bbox 1395 1198 1527 1292; x_wconf 74' lang='lat' dir='ltr'>objedia</span> <span class='ocrx_word' id='word_1_39' title='bbox 1553 1203 1670 1293; x_wconf 90' lang='lat' dir='ltr'>procul</span> <span class='ocrx_word' id='word_1_40' title='bbox 1698 1201 1844 1274; x_wconf 85' lang='lat' dir='ltr'>distantia</span> <span class='ocrx_word' id='word_1_41' title='bbox 1863 1204 1930 1276; x_wconf 91' lang='lat' dir='ltr'>dis·</span> 
     </span>
     <span class='ocr_line' id='line_1_6' title="bbox 395 1224 954 1388; baseline -0.013 -15"><span class='ocrx_word' id='word_1_42' title='bbox 395 1224 504 1373; x_wconf 50' lang='lat' dir='ltr'>tinge</span> <span class='ocrx_word' id='word_1_43' title='bbox 526 1302 624 1370; x_wconf 86' lang='lat' dir='ltr'>etiarn</span> <span class='ocrx_word' id='word_1_44' title='bbox 648 1296 759 1369; x_wconf 87' lang='lat' dir='ltr'>videre</span> <span class='ocrx_word' id='word_1_45' title='bbox 787 1313 954 1388; x_wconf 90' lang='lat' dir='ltr'>poterunt.</span> 
     </span>
    </p>
   </div>
   <div class='ocr_carea' id='block_1_3' title="bbox 389 1418 1966 3538">
    <p class='ocr_par' dir='ltr' id='par_1_3' title="bbox 399 1418 1966 1810">
     <span class='ocr_line' id='line_1_7' title="bbox 448 1418 1928 1520; baseline -0.005 -20"><span class='ocrx_word' id='word_1_46' title='bbox 448 1429 482 1520; x_wconf 76' lang='lat' dir='ltr'>s.</span> <span class='ocrx_word' id='word_1_47' title='bbox 506 1418 827 1500; x_wconf 86' lang='lat' dir='ltr'><strong>MDCCCCXLV.</strong></span> <span class='ocrx_word' id='word_1_48' title='bbox 852 1420 917 1492; x_wconf 88' lang='lat' dir='ltr'>Per</span> <span class='ocrx_word' id='word_1_49' title='bbox 938 1419 1092 1512; x_wconf 86' lang='lat' dir='ltr'>sphaeram</span> <span class='ocrx_word' id='word_1_50' title='bbox 1115 1424 1266 1519; x_wconf 82' lang='lat' dir='ltr'>exiguam</span> <span class='ocrx_word' id='word_1_51' title='bbox 1288 1441 1423 1511; x_wconf 90' lang='lat' dir='ltr'>aqueam</span> <span class='ocrx_word' id='word_1_52' title='bbox 1447 1444 1504 1494; x_wconf 89' lang='lat' dir='ltr'>aut</span> <span class='ocrx_word' id='word_1_53' title='bbox 1525 1426 1686 1509; x_wconf 84' lang='lat' dir='ltr'><strong>vitream,</strong></span> <span class='ocrx_word' id='word_1_54' title='bbox 1725 1443 1781 1494; x_wconf 91' lang='lat' dir='ltr'>aut</span> <span class='ocrx_word' id='word_1_55' title='bbox 1806 1423 1928 1494; x_wconf 89' lang='lat' dir='ltr'>lentem</span> 
     </span>
     <span class='ocr_line' id='line_1_8' title="bbox 400 1518 1930 1612; baseline -0.007 -11"><span class='ocrx_word' id='word_1_56' title='bbox 400 1547 581 1602; x_wconf 75' lang='lat' dir='ltr'>convexam</span> <span class='ocrx_word' id='word_1_57' title='bbox 602 1526 754 1603; x_wconf 83' lang='lat' dir='ltr'>vitream,</span> <span class='ocrx_word' id='word_1_58' title='bbox 778 1541 853 1610; x_wconf 83' lang='lat' dir='ltr'>quae</span> <span class='ocrx_word' id='word_1_59' title='bbox 873 1521 983 1611; x_wconf 93' lang='lat' dir='ltr'>portio</span> <span class='ocrx_word' id='word_1_60' title='bbox 1006 1518 1140 1589; x_wconf 82' lang='lat' dir='ltr'>minoris</span> <span class='ocrx_word' id='word_1_61' title='bbox 1167 1518 1299 1609; x_wconf 86' lang='lat' dir='ltr'>sphaerae</span> <span class='ocrx_word' id='word_1_62' title='bbox 1324 1518 1400 1603; x_wconf 91' lang='lat' dir='ltr'>est,</span> <span class='ocrx_word' id='word_1_63' title='bbox 1433 1519 1566 1611; x_wconf 76' lang='lat' dir='ltr'>objedia</span> <span class='ocrx_word' id='word_1_64' title='bbox 1592 1519 1769 1592; x_wconf 80' lang='lat' dir='ltr'>admodum</span> <span class='ocrx_word' id='word_1_65' title='bbox 1791 1520 1930 1612; x_wconf 85' lang='lat' dir='ltr'>amplifi·</span> 
     </span>
     <span class='ocr_line' id='line_1_9' title="bbox 399 1613 1929 1709; baseline -0.004 -13"><span class='ocrx_word' id='word_1_66' title='bbox 399 1644 474 1697; x_wconf 87' lang='lat' dir='ltr'>cata</span> <span class='ocrx_word' id='word_1_67' title='bbox 496 1640 697 1706; x_wconf 89' lang='lat' dir='ltr'>cernuntur,</span> <span class='ocrx_word' id='word_1_68' title='bbox 729 1616 813 1688; x_wconf 88' lang='lat' dir='ltr'>adeo</span> <span class='ocrx_word' id='word_1_69' title='bbox 836 1635 871 1686; x_wconf 89' lang='lat' dir='ltr'>ut</span> <span class='ocrx_word' id='word_1_70' title='bbox 895 1636 1001 1703; x_wconf 86' lang='lat' dir='ltr'>partes</span> <span class='ocrx_word' id='word_1_71' title='bbox 1030 1616 1132 1687; x_wconf 83' lang='lat' dir='ltr'>exiles</span> <span class='ocrx_word' id='word_1_72' title='bbox 1159 1613 1321 1688; x_wconf 76' lang='lat' dir='ltr'>distindiae</span> <span class='ocrx_word' id='word_1_73' title='bbox 1350 1637 1551 1708; x_wconf 73' lang='lat' dir='ltr'>appareant,</span> <span class='ocrx_word' id='word_1_74' title='bbox 1586 1639 1720 1692; x_wconf 88' lang='lat' dir='ltr'>vocatur</span> <span class='ocrx_word' id='word_1_75' title='bbox 1742 1616 1929 1709; x_wconf 86' lang='lat' dir='ltr'>hujusmodi</span> 
     </span>
     <span class='ocr_line' id='line_1_10' title="bbox 400 1715 1966 1810; baseline -0.006 -17"><span class='ocrx_word' id='word_1_76' title='bbox 400 1720 472 1793; x_wconf 91' lang='lat' dir='ltr'>lens</span> <span class='ocrx_word' id='word_1_77' title='bbox 495 1719 548 1794; x_wconf 90' lang='lat' dir='ltr'>vel</span> <span class='ocrx_word' id='word_1_78' title='bbox 571 1718 692 1810; x_wconf 86' lang='lat' dir='ltr'>sphaera</span> <span class='ocrx_word' id='word_1_79' title='bbox 713 1715 973 1806; x_wconf 79' lang='lat' dir='ltr'>Microscopiam.</span> <span class='ocrx_word' id='word_1_80' title='bbox 1962 1745 1966 1754; x_wconf 55' lang='lat'><strong><em>¹</em></strong></span> 
     </span>
    </p>

    <p class='ocr_par' dir='ltr' id='par_1_4' title="bbox 396 1807 1933 2585">
     <span class='ocr_line' id='line_1_11' title="bbox 448 1807 1929 1902; baseline -0.006 -14"><span class='ocrx_word' id='word_1_81' title='bbox 448 1815 642 1888; x_wconf 81' lang='lat' dir='ltr'>Mirandum</span> <span class='ocrx_word' id='word_1_82' title='bbox 665 1811 711 1885; x_wconf 91' lang='lat' dir='ltr'>est</span> <span class='ocrx_word' id='word_1_83' title='bbox 731 1811 957 1900; x_wconf 87' lang='lat' dir='ltr'>Microscopia</span> <span class='ocrx_word' id='word_1_84' title='bbox 982 1833 1051 1882; x_wconf 91' lang='lat' dir='ltr'>non</span> <span class='ocrx_word' id='word_1_85' title='bbox 1071 1812 1166 1882; x_wconf 89' lang='lat' dir='ltr'>citius</span> <span class='ocrx_word' id='word_1_86' title='bbox 1187 1807 1280 1879; x_wconf 86' lang='lat' dir='ltr'>fuisse</span> <span class='ocrx_word' id='word_1_87' title='bbox 1308 1812 1342 1880; x_wconf 90' lang='lat' dir='ltr'>in</span> <span class='ocrx_word' id='word_1_88' title='bbox 1378 1811 1470 1882; x_wconf 91' lang='lat' dir='ltr'>usum</span> <span class='ocrx_word' id='word_1_89' title='bbox 1498 1831 1612 1883; x_wconf 87' lang='lat' dir='ltr'>vocata</span> <span class='ocrx_word' id='word_1_90' title='bbox 1648 1833 1666 1882; x_wconf 90' lang='lat' dir='ltr'>a</span> <span class='ocrx_word' id='word_1_91' title='bbox 1701 1809 1929 1902; x_wconf 77' lang='lat' dir='ltr'>Philosophia,</span> 
     </span>
     <span class='ocr_line' id='line_1_12' title="bbox 397 1905 1929 2008; baseline -0.007 -22"><span class='ocrx_word' id='word_1_92' title='bbox 397 1936 477 1986; x_wconf 82' lang='lat' dir='ltr'>cum</span> <span class='ocrx_word' id='word_1_93' title='bbox 499 1912 632 2008; x_wconf 83' lang='lat' dir='ltr'>guttulae</span> <span class='ocrx_word' id='word_1_94' title='bbox 649 1932 743 2002; x_wconf 84' lang='lat' dir='ltr'>aquae</span> <span class='ocrx_word' id='word_1_95' title='bbox 760 1907 861 1980; x_wconf 86' lang='lat' dir='ltr'>exiles</span> <span class='ocrx_word' id='word_1_96' title='bbox 884 1909 917 1977; x_wconf 92' lang='lat' dir='ltr'>in</span> <span class='ocrx_word' id='word_1_97' title='bbox 931 1905 1092 1980; x_wconf 87' lang='lat' dir='ltr'>foramine</span> <span class='ocrx_word' id='word_1_98' title='bbox 1111 1907 1217 1999; x_wconf 90' lang='lat' dir='ltr'>polito</span> <span class='ocrx_word' id='word_1_99' title='bbox 1234 1905 1427 1978; x_wconf 85' lang='lat' dir='ltr'>orichalceae</span> <span class='ocrx_word' id='word_1_100' title='bbox 1449 1908 1585 1979; x_wconf 87' lang='lat' dir='ltr'>lamellae</span> <span class='ocrx_word' id='word_1_101' title='bbox 1609 1908 1742 1999; x_wconf 79' lang='lat' dir='ltr'>pastae,</span> <span class='ocrx_word' id='word_1_102' title='bbox 1766 1907 1828 1977; x_wconf 85' lang='lat' dir='ltr'>lint</span> <span class='ocrx_word' id='word_1_103' title='bbox 1842 1910 1929 1996; x_wconf 91' lang='lat' dir='ltr'>opti·</span> 
     </span>
     <span class='ocr_line' id='line_1_13' title="bbox 399 2001 1930 2099; baseline -0.005 -17"><span class='ocrx_word' id='word_1_104' title='bbox 399 2033 454 2082; x_wconf 89' lang='lat' dir='ltr'>ma</span> <span class='ocrx_word' id='word_1_105' title='bbox 481 2009 736 2099; x_wconf 86' lang='lat' dir='ltr'>Microscopia,</span> <span class='ocrx_word' id='word_1_106' title='bbox 768 2026 828 2098; x_wconf 92' lang='lat' dir='ltr'>per</span> <span class='ocrx_word' id='word_1_107' title='bbox 849 2025 923 2094; x_wconf 84' lang='lat' dir='ltr'>quae</span> <span class='ocrx_word' id='word_1_108' title='bbox 952 2008 1060 2076; x_wconf 92' lang='lat' dir='ltr'>onmia</span> <span class='ocrx_word' id='word_1_109' title='bbox 1088 2002 1221 2095; x_wconf 73' lang='lat' dir='ltr'>objedia</span> <span class='ocrx_word' id='word_1_110' title='bbox 1260 2002 1426 2074; x_wconf 87' lang='lat' dir='ltr'>clarillime</span> <span class='ocrx_word' id='word_1_111' title='bbox 1455 2001 1491 2075; x_wconf 70' lang='grc' dir='ltr'>δι</span> <span class='ocrx_word' id='word_1_112' title='bbox 1522 2005 1700 2076; x_wconf 81' lang='lat' dir='ltr'>admodum</span> <span class='ocrx_word' id='word_1_113' title='bbox 1735 2003 1930 2093; x_wconf 80' lang='lat' dir='ltr'>amplificate</span> 
     </span>
     <span class='ocr_line' id='line_1_14' title="bbox 399 2097 1929 2193; baseline -0.008 -14"><span class='ocrx_word' id='word_1_114' title='bbox 399 2126 597 2179; x_wconf 89' lang='lat' dir='ltr'>cernuntur:</span> <span class='ocrx_word' id='word_1_115' title='bbox 629 2125 686 2175; x_wconf 92' lang='lat' dir='ltr'>aut</span> <span class='ocrx_word' id='word_1_116' title='bbox 708 2103 791 2174; x_wconf 73' lang='lat' dir='ltr'>cum·</span> <span class='ocrx_word' id='word_1_117' title='bbox 808 2101 932 2172; x_wconf 83' lang='lat' dir='ltr'>Seneca</span> <span class='ocrx_word' id='word_1_118' title='bbox 953 2100 1018 2193; x_wconf 90' lang='lat' dir='ltr'>jam</span> <span class='ocrx_word' id='word_1_119' title='bbox 1042 2102 1240 2184; x_wconf 82' lang='lat' dir='ltr'>tradiderat,</span> <span class='ocrx_word' id='word_1_120' title='bbox 1273 2099 1392 2172; x_wconf 89' lang='lat' dir='ltr'>litteras</span> <span class='ocrx_word' id='word_1_121' title='bbox 1417 2105 1564 2192; x_wconf 89' lang='lat' dir='ltr'>quamvis</span> <span class='ocrx_word' id='word_1_122' title='bbox 1590 2103 1729 2171; x_wconf 87' lang='lat' dir='ltr'>minutas</span> <span class='ocrx_word' id='word_1_123' title='bbox 1753 2098 1788 2170; x_wconf 81' lang='lat' dir='ltr'>dt</span> <span class='ocrx_word' id='word_1_124' title='bbox 1813 2097 1929 2168; x_wconf 90' lang='lat' dir='ltr'>obscu-</span> 
     </span>
     <span class='ocr_line' id='line_1_15' title="bbox 399 2194 1931 2294; baseline -0.008 -19"><span class='ocrx_word' id='word_1_125' title='bbox 399 2225 449 2275; x_wconf 89' lang='lat' dir='ltr'>ras</span> <span class='ocrx_word' id='word_1_126' title='bbox 474 2225 534 2294; x_wconf 93' lang='lat' dir='ltr'>per</span> <span class='ocrx_word' id='word_1_127' title='bbox 553 2204 685 2272; x_wconf 86' lang='lat' dir='ltr'>vitream</span> <span class='ocrx_word' id='word_1_128' title='bbox 704 2201 833 2292; x_wconf 85' lang='lat' dir='ltr'>pilam,</span> <span class='ocrx_word' id='word_1_129' title='bbox 857 2220 941 2289; x_wconf 87' lang='lat' dir='ltr'>aqua</span> <span class='ocrx_word' id='word_1_130' title='bbox 964 2199 1116 2290; x_wconf 89' lang='lat' dir='ltr'>plenam,</span> <span class='ocrx_word' id='word_1_131' title='bbox 1140 2197 1280 2286; x_wconf 86' lang='lat' dir='ltr'>majores</span> <span class='ocrx_word' id='word_1_132' title='bbox 1297 2197 1513 2286; x_wconf 88' lang='lat' dir='ltr'>clarioresque</span> <span class='ocrx_word' id='word_1_133' title='bbox 1536 2202 1625 2268; x_wconf 80' lang='lat' dir='ltr'>terni</span> <span class='ocrx_word' id='word_1_134' title='bbox 1654 2199 1748 2290; x_wconf 81' lang='lat' dir='ltr'>(a):</span> <span class='ocrx_word' id='word_1_135' title='bbox 1770 2215 1825 2265; x_wconf 91' lang='lat' dir='ltr'>aut</span> <span class='ocrx_word' id='word_1_136' title='bbox 1840 2194 1931 2285; x_wconf 83' lang='lat' dir='ltr'>posi·</span> 
     </span>
     <span class='ocr_line' id='line_1_16' title="bbox 398 2291 1930 2392; baseline -0.007 -22"><span class='ocrx_word' id='word_1_137' title='bbox 398 2320 496 2392; x_wconf 91' lang='lat' dir='ltr'>quam</span> <span class='ocrx_word' id='word_1_138' title='bbox 519 2297 699 2390; x_wconf 89' lang='lat' dir='ltr'>perspicilla</span> <span class='ocrx_word' id='word_1_139' title='bbox 722 2295 830 2366; x_wconf 89' lang='lat' dir='ltr'>seculo</span> <span class='ocrx_word' id='word_1_140' title='bbox 870 2314 924 2381; x_wconf 83' lang='lat'>¹3·</span> <span class='ocrx_word' id='word_1_141' title='bbox 958 2294 1054 2381; x_wconf 92' lang='lat' dir='ltr'>poliri</span> <span class='ocrx_word' id='word_1_142' title='bbox 1086 2312 1282 2380; x_wconf 75' lang='lat' dir='ltr'>coeperant3</span> <span class='ocrx_word' id='word_1_143' title='bbox 1315 2291 1386 2362; x_wconf 91' lang='lat' dir='ltr'>sunt</span> <span class='ocrx_word' id='word_1_144' title='bbox 1413 2295 1500 2361; x_wconf 91' lang='lat' dir='ltr'>enim</span> <span class='ocrx_word' id='word_1_145' title='bbox 1525 2292 1595 2362; x_wconf 89' lang='lat' dir='ltr'>haec</span> <span class='ocrx_word' id='word_1_146' title='bbox 1622 2292 1930 2378; x_wconf 87' lang='lat' dir='ltr'>Microscopiorum</span> 
     </span>
     <span class='ocr_line' id='line_1_17' title="bbox 398 2383 1933 2486; baseline -0.008 -18"><span class='ocrx_word' id='word_1_147' title='bbox 398 2394 539 2486; x_wconf 86' lang='lat' dir='ltr'>species:</span> <span class='ocrx_word' id='word_1_148' title='bbox 565 2393 620 2461; x_wconf 89' lang='lat' dir='ltr'>sed</span> <span class='ocrx_word' id='word_1_149' title='bbox 641 2390 871 2475; x_wconf 82' lang='lat' dir='ltr'>Mitroscopia</span> <span class='ocrx_word' id='word_1_150' title='bbox 890 2406 1016 2457; x_wconf 88' lang='lat' dir='ltr'>tanturn</span> <span class='ocrx_word' id='word_1_151' title='bbox 1039 2385 1148 2477; x_wconf 87' lang='lat' dir='ltr'>elapso</span> <span class='ocrx_word' id='word_1_152' title='bbox 1171 2385 1279 2456; x_wconf 90' lang='lat' dir='ltr'>seculo</span> <span class='ocrx_word' id='word_1_153' title='bbox 1311 2407 1323 2456; x_wconf 88' lang='lat' dir='ltr'>r</span> <span class='ocrx_word' id='word_1_154' title='bbox 1331 2406 1367 2479; x_wconf 87' lang='lat'>7.</span> <span class='ocrx_word' id='word_1_155' title='bbox 1392 2386 1572 2473; x_wconf 86' lang='lat' dir='ltr'>fabrefieri,</span> <span class='ocrx_word' id='word_1_156' title='bbox 1604 2383 1640 2458; x_wconf 76' lang='lat' dir='ltr'>de</span> <span class='ocrx_word' id='word_1_157' title='bbox 1670 2387 1713 2457; x_wconf 89' lang='lat' dir='ltr'>ad</span> <span class='ocrx_word' id='word_1_158' title='bbox 1734 2390 1856 2456; x_wconf 86' lang='lat' dir='ltr'>minuta</span> <span class='ocrx_word' id='word_1_159' title='bbox 1869 2386 1933 2456; x_wconf 88' lang='lat' dir='ltr'>ob·</span> 
     </span>
     <span class='ocr_line' id='line_1_18' title="bbox 396 2481 1671 2585; baseline -0.006 -23"><span class='ocrx_word' id='word_1_160' title='bbox 396 2491 487 2585; x_wconf 67' lang='lat' dir='ltr'>jecta</span> <span class='ocrx_word' id='word_1_161' title='bbox 509 2484 721 2558; x_wconf 83' lang='lat' dir='ltr'>examinanda</span> <span class='ocrx_word' id='word_1_162' title='bbox 741 2482 905 2566; x_wconf 84' lang='lat' dir='ltr'>adhiberi,</span> <span class='ocrx_word' id='word_1_163' title='bbox 930 2481 1095 2553; x_wconf 89' lang='lat' dir='ltr'>observata</span> <span class='ocrx_word' id='word_1_164' title='bbox 1118 2485 1229 2579; x_wconf 85' lang='lat' dir='ltr'>pingi,</span> <span class='ocrx_word' id='word_1_165' title='bbox 1257 2481 1465 2576; x_wconf 90' lang='lat' dir='ltr'>describique</span> <span class='ocrx_word' id='word_1_166' title='bbox 1489 2505 1671 2577; x_wconf 89' lang='lat' dir='ltr'>coepemnt.</span> 
     </span>
    </p>

    <p class='ocr_par' dir='ltr' id='par_1_5' title="bbox 389 2577 1932 3538">
     <span class='ocr_line' id='line_1_19' title="bbox 452 2577 1932 2674; baseline -0.003 -19"><span class='ocrx_word' id='word_1_167' title='bbox 452 2586 582 2656; x_wconf 88' lang='lat' dir='ltr'>Eorum</span> <span class='ocrx_word' id='word_1_168' title='bbox 596 2602 662 2672; x_wconf 87' lang='lat' dir='ltr'>ope</span> <span class='ocrx_word' id='word_1_169' title='bbox 687 2583 811 2674; x_wconf 85' lang='lat' dir='ltr'>integer</span> <span class='ocrx_word' id='word_1_170' title='bbox 829 2577 1072 2649; x_wconf 86' lang='lat' dir='ltr'>Microcosrnus</span> <span class='ocrx_word' id='word_1_171' title='bbox 1086 2579 1151 2670; x_wconf 81' lang='lat' dir='ltr'>jam</span> <span class='ocrx_word' id='word_1_172' title='bbox 1172 2579 1318 2650; x_wconf 76' lang='lat' dir='ltr'>detectus</span> <span class='ocrx_word' id='word_1_173' title='bbox 1341 2581 1398 2651; x_wconf 91' lang='lat' dir='ltr'>est.</span> <span class='ocrx_word' id='word_1_174' title='bbox 1447 2581 1593 2653; x_wconf 89' lang='lat' dir='ltr'>Primarii</span> <span class='ocrx_word' id='word_1_175' title='bbox 1614 2581 1857 2665; x_wconf 84' lang='lat' dir='ltr'>observatores,</span> <span class='ocrx_word' id='word_1_176' title='bbox 1872 2581 1932 2672; x_wconf 88' lang='lat' dir='ltr'>qui</span> 
     </span>
     <span class='ocr_line' id='line_1_20' title="bbox 389 2674 1932 2769; baseline -0.003 -15"><span class='ocrx_word' id='word_1_177' title='bbox 389 2682 572 2754; x_wconf 75' lang='lat' dir='ltr'>memoria</span> <span class='ocrx_word' id='word_1_178' title='bbox 595 2676 794 2748; x_wconf 87' lang='lat' dir='ltr'>tradiderunt</span> <span class='ocrx_word' id='word_1_179' title='bbox 819 2675 1003 2758; x_wconf 87' lang='lat' dir='ltr'>observata,</span> <span class='ocrx_word' id='word_1_180' title='bbox 1028 2675 1177 2746; x_wconf 89' lang='lat' dir='ltr'>videntur</span> <span class='ocrx_word' id='word_1_181' title='bbox 1198 2674 1290 2745; x_wconf 89' lang='lat' dir='ltr'>fuisse</span> <span class='ocrx_word' id='word_1_182' title='bbox 1316 2676 1371 2748; x_wconf 79' lang='lat' dir='ltr'>Fr.</span> <span class='ocrx_word' id='word_1_183' title='bbox 1397 2677 1542 2765; x_wconf 88' lang='lat' dir='ltr'>Stelluti‚</span> <span class='ocrx_word' id='word_1_184' title='bbox 1568 2675 1604 2749; x_wconf 81' lang='lat' dir='ltr'>dt</span> <span class='ocrx_word' id='word_1_185' title='bbox 1629 2679 1682 2748; x_wconf 91' lang='lat' dir='ltr'>hic</span> <span class='ocrx_word' id='word_1_186' title='bbox 1706 2679 1838 2769; x_wconf 84' lang='lat' dir='ltr'>quidem</span> <span class='ocrx_word' id='word_1_187' title='bbox 1864 2679 1932 2769; x_wconf 88' lang='lat' dir='ltr'>pri·</span> 
     </span>
     <span class='ocr_line' id='line_1_21' title="bbox 403 2770 1931 2864; baseline -0.003 -15"><span class='ocrx_word' id='word_1_188' title='bbox 403 2800 496 2860; x_wconf 88' lang='lat' dir='ltr'>mus,</span> <span class='ocrx_word' id='word_1_189' title='bbox 521 2796 596 2846; x_wconf 90' lang='lat' dir='ltr'>cum</span> <span class='ocrx_word' id='word_1_190' title='bbox 617 2794 724 2864; x_wconf 87' lang='lat' dir='ltr'>partes</span> <span class='ocrx_word' id='word_1_191' title='bbox 747 2775 860 2862; x_wconf 83' lang='lat' dir='ltr'>Apum</span> <span class='ocrx_word' id='word_1_192' title='bbox 886 2770 1106 2841; x_wconf 86' lang='lat' dir='ltr'>minutissimas</span> <span class='ocrx_word' id='word_1_193' title='bbox 1135 2792 1223 2843; x_wconf 90' lang='lat' dir='ltr'>anno</span> <span class='ocrx_word' id='word_1_194' title='bbox 1253 2771 1358 2864; x_wconf 78' lang='lat'>1625.</span> <span class='ocrx_word' id='word_1_195' title='bbox 1382 2773 1606 2863; x_wconf 83' lang='lat' dir='ltr'>descripserit:</span> <span class='ocrx_word' id='word_1_196' title='bbox 1640 2774 1790 2846; x_wconf 85' lang='lat' dir='ltr'>Fontana</span> <span class='ocrx_word' id='word_1_197' title='bbox 1820 2795 1931 2845; x_wconf 89' lang='lat' dir='ltr'>tamen</span> 
     </span>
     <span class='ocr_line' id='line_1_22' title="bbox 397 2865 1931 2962; baseline -0.003 -19"><span class='ocrx_word' id='word_1_198' title='bbox 397 2876 624 2944; x_wconf 87' lang='lat' dir='ltr'>inventionem</span> <span class='ocrx_word' id='word_1_199' title='bbox 647 2889 735 2937; x_wconf 86' lang='lat' dir='ltr'>anno</span> <span class='ocrx_word' id='word_1_200' title='bbox 765 2867 871 2937; x_wconf 90' lang='lat'>1618.</span> <span class='ocrx_word' id='word_1_201' title='bbox 894 2867 951 2936; x_wconf 88' lang='lat' dir='ltr'>fibi</span> <span class='ocrx_word' id='word_1_202' title='bbox 974 2865 1114 2937; x_wconf 91' lang='lat' dir='ltr'>vindicat</span> <span class='ocrx_word' id='word_1_203' title='bbox 1138 2867 1229 2962; x_wconf 84' lang='lat' dir='ltr'>(b).</span> <span class='ocrx_word' id='word_1_204' title='bbox 1279 2866 1413 2939; x_wconf 90' lang='lat' dir='ltr'>Deinde</span> <span class='ocrx_word' id='word_1_205' title='bbox 1438 2870 1570 2942; x_wconf 81' lang='lat' dir='ltr'>srterunt</span> <span class='ocrx_word' id='word_1_206' title='bbox 1596 2870 1782 2953; x_wconf 91' lang='lat' dir='ltr'>hodierna,</span> <span class='ocrx_word' id='word_1_207' title='bbox 1814 2869 1931 2939; x_wconf 89' lang='lat' dir='ltr'>Petrus</span> 
     </span>
     <span class='ocr_line' id='line_1_23' title="bbox 399 2959 1932 3059; baseline -0.003 -20"><span class='ocrx_word' id='word_1_208' title='bbox 399 2966 580 3048; x_wconf 82' lang='lat' dir='ltr'>Borellus,</span> <span class='ocrx_word' id='word_1_209' title='bbox 613 2962 799 3047; x_wconf 91' lang='lat' dir='ltr'>Powerus,</span> <span class='ocrx_word' id='word_1_210' title='bbox 832 2960 1014 3045; x_wconf 88' lang='lat' dir='ltr'>Hookius,</span> <span class='ocrx_word' id='word_1_211' title='bbox 1047 2959 1217 3046; x_wconf 90' lang='lat' dir='ltr'>Grewus,</span> <span class='ocrx_word' id='word_1_212' title='bbox 1249 2963 1483 3059; x_wconf 87' lang='lat' dir='ltr'>Malpighius,</span> <span class='ocrx_word' id='word_1_213' title='bbox 1508 2965 1836 3048; x_wconf 80' lang='lat' dir='ltr'>Leeuwenhoeltius,</span> <span class='ocrx_word' id='word_1_214' title='bbox 1862 2964 1932 3035; x_wconf 88' lang='lat' dir='ltr'>Bo·</span> 
     </span>
     <span class='ocr_line' id='line_1_24' title="bbox 398 3056 1930 3155; baseline -0.003 -19"><span class='ocrx_word' id='word_1_215' title='bbox 398 3084 545 3144; x_wconf 89' lang='lat' dir='ltr'>nannus,</span> <span class='ocrx_word' id='word_1_216' title='bbox 572 3058 799 3141; x_wconf 89' lang='lat' dir='ltr'>Griendelius‚</span> <span class='ocrx_word' id='word_1_217' title='bbox 823 3056 997 3150; x_wconf 86' lang='lat' dir='ltr'>Joblotus,</span> <span class='ocrx_word' id='word_1_218' title='bbox 1023 3057 1271 3144; x_wconf 86' lang='lat' dir='ltr'>Reaumurius,</span> <span class='ocrx_word' id='word_1_219' title='bbox 1304 3057 1399 3130; x_wconf 92' lang='lat' dir='ltr'>Nob.</span> <span class='ocrx_word' id='word_1_220' title='bbox 1423 3063 1465 3131; x_wconf 88' lang='lat' dir='ltr'>de</span> <span class='ocrx_word' id='word_1_221' title='bbox 1497 3060 1588 3133; x_wconf 92' lang='lat' dir='ltr'>Geer</span> <span class='ocrx_word' id='word_1_222' title='bbox 1612 3063 1708 3155; x_wconf 87' lang='lat' dir='ltr'>(c),</span> <span class='ocrx_word' id='word_1_223' title='bbox 1736 3060 1840 3132; x_wconf 82' lang='lat' dir='ltr'>lienr.</span> <span class='ocrx_word' id='word_1_224' title='bbox 1866 3060 1930 3132; x_wconf 85' lang='lat' dir='ltr'>Ba·</span> 
     </span>
     <span class='ocr_line' id='line_1_25' title="bbox 397 3151 1929 3251; baseline -0.004 -19"><span class='ocrx_word' id='word_1_225' title='bbox 397 3162 494 3233; x_wconf 74' lang='lat' dir='ltr'>{cerus</span> <span class='ocrx_word' id='word_1_226' title='bbox 519 3159 540 3251; x_wconf 91' lang='lat'>(</span> <span class='ocrx_word' id='word_1_227' title='bbox 553 3158 625 3251; x_wconf 76' lang='lat' dir='ltr'>d),</span> <span class='ocrx_word' id='word_1_228' title='bbox 651 3154 855 3245; x_wconf 84' lang='lat' dir='ltr'>Coppelerus</span> <span class='ocrx_word' id='word_1_229' title='bbox 879 3154 976 3247; x_wconf 84' lang='lat' dir='ltr'>(e),</span> <span class='ocrx_word' id='word_1_230' title='bbox 1004 3151 1238 3242; x_wconf 82' lang='lat' dir='ltr'>Trembleyus,</span> <span class='ocrx_word' id='word_1_231' title='bbox 1266 3154 1439 3229; x_wconf 90' lang='lat' dir='ltr'>Turbervil</span> <span class='ocrx_word' id='word_1_232' title='bbox 1461 3155 1656 3243; x_wconf 88' lang='lat' dir='ltr'>Needham‚</span> <span class='ocrx_word' id='word_1_233' title='bbox 1681 3158 1823 3241; x_wconf 82' lang='lat' dir='ltr'>Adams,</span> <span class='ocrx_word' id='word_1_234' title='bbox 1848 3155 1929 3246; x_wconf 83' lang='lat' dir='ltr'>Joh.</span> 
     </span>
     <span class='ocr_line' id='line_1_26' title="bbox 398 3249 1930 3347; baseline -0.005 -18"><span class='ocrx_word' id='word_1_235' title='bbox 398 3255 496 3340; x_wconf 87' lang='lat' dir='ltr'>Hill;</span> <span class='ocrx_word' id='word_1_236' title='bbox 533 3253 646 3344; x_wconf 80' lang='lat' dir='ltr'>&amp;qui</span> <span class='ocrx_word' id='word_1_237' title='bbox 669 3252 849 3343; x_wconf 85' lang='lat' dir='ltr'>principem</span> <span class='ocrx_word' id='word_1_238' title='bbox 878 3254 962 3322; x_wconf 88' lang='lat' dir='ltr'>inter</span> <span class='ocrx_word' id='word_1_239' title='bbox 990 3271 1105 3321; x_wconf 90' lang='lat' dir='ltr'>omnes</span> <span class='ocrx_word' id='word_1_240' title='bbox 1129 3269 1218 3321; x_wconf 92' lang='lat' dir='ltr'>tenet</span> <span class='ocrx_word' id='word_1_241' title='bbox 1249 3251 1362 3324; x_wconf 89' lang='lat' dir='ltr'>locum</span> <span class='ocrx_word' id='word_1_242' title='bbox 1394 3250 1602 3344; x_wconf 87' lang='lat' dir='ltr'>Lyonettus:</span> <span class='ocrx_word' id='word_1_243' title='bbox 1636 3256 1669 3324; x_wconf 89' lang='lat' dir='ltr'>hi</span> <span class='ocrx_word' id='word_1_244' title='bbox 1701 3249 1930 3347; x_wconf 75' lang='lat' dir='ltr'>diligentissimi</span> 
     </span>
     <span class='ocr_line' id='line_1_27' title="bbox 396 3346 1928 3519; baseline -0.003 -95"><span class='ocrx_word' id='word_1_245' title='bbox 396 3351 637 3519; x_wconf 67' lang='lat' dir='ltr'>peritiffirsniquse</span> <span class='ocrx_word' id='word_1_246' title='bbox 653 3347 724 3419; x_wconf 88' lang='lat' dir='ltr'>Viri</span> <span class='ocrx_word' id='word_1_247' title='bbox 746 3346 987 3421; x_wconf 88' lang='lat' dir='ltr'>observationes</span> <span class='ocrx_word' id='word_1_248' title='bbox 1004 3346 1267 3441; x_wconf 88' lang='lat' dir='ltr'>Microscopicas</span> <span class='ocrx_word' id='word_1_249' title='bbox 1288 3358 1365 3420; x_wconf 90' lang='lat' dir='ltr'>cu&#39;m</span> <span class='ocrx_word' id='word_1_250' title='bbox 1388 3350 1501 3448; x_wconf 76' lang='lat' dir='ltr'>insigni</span> <span class='ocrx_word' id='word_1_251' title='bbox 1522 3349 1725 3452; x_wconf 79' lang='lat' dir='ltr'>scientiarum</span> <span class='ocrx_word' id='word_1_252' title='bbox 1746 3351 1928 3422; x_wconf 85' lang='lat' dir='ltr'>incremen-</span> 
     </span>
     <span class='ocr_line' id='line_1_28' title="bbox 399 3452 725 3538; baseline -0.025 -16"><span class='ocrx_word' id='word_1_253' title='bbox 399 3472 437 3522; x_wconf 92' lang='lat' dir='ltr'>to</span> <span class='ocrx_word' id='word_1_254' title='bbox 461 3472 525 3521; x_wconf 91' lang='lat' dir='ltr'>con</span> <span class='ocrx_word' id='word_1_255' title='bbox 540 3452 608 3538; x_wconf 94' lang='lat' dir='ltr'>crip</span> <span class='ocrx_word' id='word_1_256' title='bbox 622 3465 725 3516; x_wconf 86' lang='lat' dir='ltr'>emnt.</span> 
     </span>
    </p>
   </div>
   <div class='ocr_carea' id='block_1_4' title="bbox 393 3564 2076 5061">
    <p class='ocr_par' dir='ltr' id='par_1_6' title="bbox 393 3564 2076 5061">
     <span class='ocr_line' id='line_1_29' title="bbox 451 3564 2076 3664; baseline 0.004 -23"><span class='ocrx_word' id='word_1_257' title='bbox 451 3574 483 3664; x_wconf 85' lang='lat'>§.</span> <span class='ocrx_word' id='word_1_258' title='bbox 508 3564 814 3641; x_wconf 80' lang='lat' dir='ltr'>lllCCCCXLVl.</span> <span class='ocrx_word' id='word_1_259' title='bbox 839 3566 889 3636; x_wconf 94' lang='lat' dir='ltr'>Ut</span> <span class='ocrx_word' id='word_1_260' title='bbox 912 3584 1150 3660; x_wconf 87' lang='lat' dir='ltr'>cognoscatur,</span> <span class='ocrx_word' id='word_1_261' title='bbox 1170 3584 1298 3653; x_wconf 80' lang='lat' dir='ltr'>quante</span> <span class='ocrx_word' id='word_1_262' title='bbox 1315 3566 1543 3657; x_wconf 85' lang='lat' dir='ltr'>magnitudinis</span> <span class='ocrx_word' id='word_1_263' title='bbox 1564 3588 1715 3660; x_wconf 89' lang='lat' dir='ltr'>appareat</span> <span class='ocrx_word' id='word_1_264' title='bbox 1740 3569 2076 3662; x_wconf 64' lang='lat' dir='ltr'>objeaurnwasrr,</span> 
     </span>
     <span class='ocr_line' id='line_1_30' title="bbox 401 3659 2076 3758; baseline -0.008 -14"><span class='ocrx_word' id='word_1_265' title='bbox 401 3672 561 3744; x_wconf 79' lang='lat' dir='ltr'>duntaxat</span> <span class='ocrx_word' id='word_1_266' title='bbox 583 3663 706 3748; x_wconf 91' lang='lat' dir='ltr'>oculo,</span> <span class='ocrx_word' id='word_1_267' title='bbox 731 3683 800 3733; x_wconf 86' lang='lat' dir='ltr'>turn</span> <span class='ocrx_word' id='word_1_268' title='bbox 824 3661 1054 3752; x_wconf 78' lang='lat' dir='ltr'>uiicmscopio</span> <span class='ocrx_word' id='word_1_269' title='bbox 1074 3659 1308 3750; x_wconf 67' lang='lat' dir='ltr'>conspertum,</span> <span class='ocrx_word' id='word_1_270' title='bbox 1332 3683 1472 3753; x_wconf 89' lang='lat' dir='ltr'>ponatur</span> <span class='ocrx_word' id='word_1_271' title='bbox 1491 3663 1660 3758; x_wconf 75' lang='lat' dir='ltr'>objeetum</span> <span class='ocrx_word' id='word_1_272' title='bbox 1686 3663 1821 3756; x_wconf 88' lang='lat' dir='ltr'>PQin</span> <span class='ocrx_word' id='word_1_273' title='bbox 1845 3662 1985 3737; x_wconf 67' lang='lat' dir='ltr'>socolie·</span> <span class='ocrx_word' id='word_1_274' title='bbox 2000 3677 2028 3718; x_wconf 84' lang='lat'>⁸·</span> <span class='ocrx_word' id='word_1_275' title='bbox 2071 3715 2076 3724; x_wconf 95' lang='lat'><em>.</em></span> 
     </span>
     <span class='ocr_line' id='line_1_31' title="bbox 403 3755 1927 3851; baseline -0.003 -12"><span class='ocrx_word' id='word_1_276' title='bbox 403 3770 499 3839; x_wconf 91' lang='lat' dir='ltr'>lentis</span> <span class='ocrx_word' id='word_1_277' title='bbox 531 3761 630 3851; x_wconf 70' lang='lat' dir='ltr'>AB,</span> <span class='ocrx_word' id='word_1_278' title='bbox 668 3758 745 3830; x_wconf 89' lang='lat' dir='ltr'>huic</span> <span class='ocrx_word' id='word_1_279' title='bbox 772 3757 888 3829; x_wconf 89' lang='lat' dir='ltr'>oculus</span> <span class='ocrx_word' id='word_1_280' title='bbox 917 3762 1083 3849; x_wconf 86' lang='lat' dir='ltr'>proximus</span> <span class='ocrx_word' id='word_1_281' title='bbox 1111 3755 1291 3847; x_wconf 89' lang='lat' dir='ltr'>conspiciet</span> <span class='ocrx_word' id='word_1_282' title='bbox 1323 3756 1491 3849; x_wconf 77' lang='lat' dir='ltr'>objedium</span> <span class='ocrx_word' id='word_1_283' title='bbox 1523 3761 1676 3836; x_wconf 76' lang='lat' dir='ltr'>distindie</span> <span class='ocrx_word' id='word_1_284' title='bbox 1711 3761 1769 3833; x_wconf 90' lang='lat' dir='ltr'>sub</span> <span class='ocrx_word' id='word_1_285' title='bbox 1803 3783 1844 3832; x_wconf 90' lang='lat' dir='ltr'>an</span> <span class='ocrx_word' id='word_1_286' title='bbox 1891 3761 1927 3834; x_wconf 91' lang='lat' dir='ltr'>lo</span> 
     </span>
     <span class='ocr_line' id='line_1_32' title="bbox 402 3852 1928 3952; baseline -0.004 -15"><span class='ocrx_word' id='word_1_287' title='bbox 402 3861 517 3937; x_wconf 87' lang='lat' dir='ltr'>BEC</span> <span class='ocrx_word' id='word_1_288' title='bbox 540 3882 583 3932; x_wconf 90' lang='lat'><strong>:</strong></span> <span class='ocrx_word' id='word_1_289' title='bbox 608 3854 728 3950; x_wconf 86' lang='lat' dir='ltr'><strong>PEQ.</strong></span> <span class='ocrx_word' id='word_1_290' title='bbox 779 3854 828 3925; x_wconf 90' lang='lat' dir='ltr'>Sit</span> <span class='ocrx_word' id='word_1_291' title='bbox 849 3876 928 3925; x_wconf 91' lang='lat' dir='ltr'>vero</span> <span class='ocrx_word' id='word_1_292' title='bbox 955 3855 1068 3925; x_wconf 91' lang='lat' dir='ltr'>oculus</span> <span class='ocrx_word' id='word_1_293' title='bbox 1082 3852 1132 3924; x_wconf 88' lang='lat' dir='ltr'>ad</span> <span class='ocrx_word' id='word_1_294' title='bbox 1161 3852 1339 3924; x_wconf 82' lang='lat' dir='ltr'>distantiam</span> <span class='ocrx_word' id='word_1_295' title='bbox 1364 3853 1684 3952; x_wconf 84' lang='lat' dir='ltr'>LQremovendus</span> <span class='ocrx_word' id='word_1_296' title='bbox 1704 3859 1745 3928; x_wconf 93' lang='lat' dir='ltr'>ab</span> <span class='ocrx_word' id='word_1_297' title='bbox 1765 3858 1841 3951; x_wconf 91' lang='lat' dir='ltr'>obje</span> <span class='ocrx_word' id='word_1_298' title='bbox 1881 3880 1928 3945; x_wconf 91' lang='lat' dir='ltr'>o,</span> 
     </span>
     <span class='ocr_line' id='line_1_33' title="bbox 402 3950 1927 4052; baseline -0.005 -19"><span class='ocrx_word' id='word_1_299' title='bbox 402 3983 439 4034; x_wconf 93' lang='lat' dir='ltr'>ut</span> <span class='ocrx_word' id='word_1_300' title='bbox 460 3961 493 4030; x_wconf 92' lang='lat' dir='ltr'>id</span> <span class='ocrx_word' id='word_1_301' title='bbox 514 3952 667 4028; x_wconf 72' lang='lat' dir='ltr'>dillinsie</span> <span class='ocrx_word' id='word_1_302' title='bbox 688 3956 812 4041; x_wconf 87' lang='lat' dir='ltr'>absque</span> <span class='ocrx_word' id='word_1_303' title='bbox 836 3950 1066 4041; x_wconf 88' lang='lat' dir='ltr'>Microscopio</span> <span class='ocrx_word' id='word_1_304' title='bbox 1080 3951 1205 4036; x_wconf 90' lang='lat' dir='ltr'>videat,</span> <span class='ocrx_word' id='word_1_305' title='bbox 1228 3952 1289 4020; x_wconf 90' lang='lat' dir='ltr'>erit</span> <span class='ocrx_word' id='word_1_306' title='bbox 1307 3955 1445 4047; x_wconf 89' lang='lat' dir='ltr'>angulus</span> <span class='ocrx_word' id='word_1_307' title='bbox 1464 3963 1594 4046; x_wconf 90' lang='lat' dir='ltr'>opticus</span> <span class='ocrx_word' id='word_1_308' title='bbox 1620 3953 1753 4052; x_wconf 87' lang='lat' dir='ltr'>PLQ,</span> <span class='ocrx_word' id='word_1_309' title='bbox 1779 3956 1837 4027; x_wconf 91' lang='lat' dir='ltr'>sub</span> <span class='ocrx_word' id='word_1_310' title='bbox 1855 3977 1927 4048; x_wconf 90' lang='lat' dir='ltr'>quo</span> 
     </span>
     <span class='ocr_line' id='line_1_34' title="bbox 393 4044 1926 4213; baseline -0.005 -83"><span class='ocrx_word' id='word_1_311' title='bbox 393 4054 568 4149; x_wconf 78' lang='lat' dir='ltr'>objeetum</span> <span class='ocrx_word' id='word_1_312' title='bbox 604 4047 668 4147; x_wconf 91' lang='lat' dir='ltr'>PQ</span> <span class='ocrx_word' id='word_1_313' title='bbox 700 4068 860 4121; x_wconf 91' lang='lat' dir='ltr'>cemetur.</span> <span class='ocrx_word' id='word_1_314' title='bbox 889 4047 1026 4118; x_wconf 91' lang='lat' dir='ltr'>ducatur</span> <span class='ocrx_word' id='word_1_315' title='bbox 1062 4044 1141 4213; x_wconf 65' lang='lat' dir='ltr'>QEO</span> <span class='ocrx_word' id='word_1_316' title='bbox 1165 4068 1210 4119; x_wconf 70' lang='grc' dir='ltr'>ε</span> <span class='ocrx_word' id='word_1_317' title='bbox 1233 4044 1333 4140; x_wconf 75' lang='lat' dir='ltr'>Qu:</span> <span class='ocrx_word' id='word_1_318' title='bbox 1367 4051 1412 4120; x_wconf 91' lang='lat' dir='ltr'>est</span> <span class='ocrx_word' id='word_1_319' title='bbox 1443 4053 1580 4145; x_wconf 87' lang='lat' dir='ltr'>angulus</span> <span class='ocrx_word' id='word_1_320' title='bbox 1606 4051 1715 4147; x_wconf 86' lang='lat' dir='ltr'>PEQ</span> <span class='ocrx_word' id='word_1_321' title='bbox 1739 4076 1782 4125; x_wconf 66' lang='grc' dir='ltr'>ε</span> <span class='ocrx_word' id='word_1_322' title='bbox 1807 4051 1926 4148; x_wconf 86' lang='lat' dir='ltr'>POQ</span> 
     </span>
     <span class='ocr_line' id='line_1_35' title="bbox 399 4141 1925 4245; baseline -0.002 -23"><span class='ocrx_word' id='word_1_323' title='bbox 399 4155 442 4225; x_wconf 74' lang='lat' dir='ltr'>ad</span> <span class='ocrx_word' id='word_1_324' title='bbox 466 4147 594 4245; x_wconf 88' lang='lat' dir='ltr'>PLQ,</span> <span class='ocrx_word' id='word_1_325' title='bbox 621 4167 656 4219; x_wconf 92' lang='lat' dir='ltr'>ut</span> <span class='ocrx_word' id='word_1_326' title='bbox 678 4143 755 4240; x_wconf 88' lang='lat' dir='ltr'>LQ</span> <span class='ocrx_word' id='word_1_327' title='bbox 779 4145 820 4216; x_wconf 87' lang='lat' dir='ltr'>ad</span> <span class='ocrx_word' id='word_1_328' title='bbox 845 4141 924 4239; x_wconf 89' lang='lat' dir='ltr'>Qo</span> <span class='ocrx_word' id='word_1_329' title='bbox 951 4143 1012 4214; x_wconf 86' lang='lat' dir='ltr'>sive</span> <span class='ocrx_word' id='word_1_330' title='bbox 1037 4141 1073 4237; x_wconf 85' lang='lat' dir='ltr'>Q</span> <span class='ocrx_word' id='word_1_331' title='bbox 1121 4167 1131 4211; x_wconf 77' lang='lat' dir='ltr'>a</span> <span class='ocrx_word' id='word_1_332' title='bbox 1156 4144 1211 4213; x_wconf 91' lang='lat' dir='ltr'>sed</span> <span class='ocrx_word' id='word_1_333' title='bbox 1233 4143 1279 4212; x_wconf 76' lang='lat' dir='ltr'>eli</span> <span class='ocrx_word' id='word_1_334' title='bbox 1303 4147 1494 4240; x_wconf 87' lang='lat' dir='ltr'>magnitudo</span> <span class='ocrx_word' id='word_1_335' title='bbox 1521 4146 1645 4237; x_wconf 79' lang='lat' dir='ltr'>objeeti</span> <span class='ocrx_word' id='word_1_336' title='bbox 1669 4169 1851 4236; x_wconf 88' lang='lat' dir='ltr'>apparens,</span> <span class='ocrx_word' id='word_1_337' title='bbox 1877 4152 1925 4220; x_wconf 82' lang='lat' dir='ltr'>uti</span> 
     </span>
     <span class='ocr_line' id='line_1_36' title="bbox 400 4240 1926 4345; baseline -0.008 -22"><span class='ocrx_word' id='word_1_338' title='bbox 400 4250 447 4323; x_wconf 88' lang='lat' dir='ltr'>est</span> <span class='ocrx_word' id='word_1_339' title='bbox 468 4248 603 4345; x_wconf 86' lang='lat' dir='ltr'>angulus</span> <span class='ocrx_word' id='word_1_340' title='bbox 626 4247 784 4336; x_wconf 91' lang='lat' dir='ltr'>opticus,</span> <span class='ocrx_word' id='word_1_341' title='bbox 816 4241 967 4332; x_wconf 87' lang='lat' dir='ltr'>adeoque</span> <span class='ocrx_word' id='word_1_342' title='bbox 994 4240 1185 4335; x_wconf 85' lang='lat' dir='ltr'>magnitudo</span> <span class='ocrx_word' id='word_1_343' title='bbox 1218 4259 1375 4327; x_wconf 86' lang='lat' dir='ltr'>appareas</span> <span class='ocrx_word' id='word_1_344' title='bbox 1398 4241 1522 4334; x_wconf 64' lang='lat' dir='ltr'>objecti</span> <span class='ocrx_word' id='word_1_345' title='bbox 1546 4264 1604 4332; x_wconf 92' lang='lat' dir='ltr'>per</span> <span class='ocrx_word' id='word_1_346' title='bbox 1631 4241 1926 4334; x_wconf 84' lang='lat' dir='ltr'>llllicroscopium,</span> 
     </span>
     <span class='ocr_line' id='line_1_37' title="bbox 397 4332 1928 4436; baseline -0.004 -17"><span class='ocrx_word' id='word_1_347' title='bbox 397 4349 440 4419; x_wconf 81' lang='lat' dir='ltr'>ed</span> <span class='ocrx_word' id='word_1_348' title='bbox 453 4369 524 4417; x_wconf 89' lang='lat' dir='ltr'>eam</span> <span class='ocrx_word' id='word_1_349' title='bbox 540 4342 640 4415; x_wconf 91' lang='lat' dir='ltr'>oculo</span> <span class='ocrx_word' id='word_1_350' title='bbox 654 4361 777 4411; x_wconf 83' lang='lat' dir='ltr'>tanturn</span> <span class='ocrx_word' id='word_1_351' title='bbox 792 4335 1024 4429; x_wconf 74' lang='lat' dir='ltr'>conspediam,</span> <span class='ocrx_word' id='word_1_352' title='bbox 1051 4339 1097 4407; x_wconf 91' lang='lat' dir='ltr'>uti</span> <span class='ocrx_word' id='word_1_353' title='bbox 1112 4332 1188 4431; x_wconf 78' lang='lat' dir='ltr'>LQ</span> <span class='ocrx_word' id='word_1_354' title='bbox 1203 4335 1245 4406; x_wconf 86' lang='lat' dir='ltr'>ad</span> <span class='ocrx_word' id='word_1_355' title='bbox 1264 4332 1347 4430; x_wconf 78' lang='lat' dir='ltr'>QO</span> <span class='ocrx_word' id='word_1_356' title='bbox 1368 4338 1419 4409; x_wconf 91' lang='lat' dir='ltr'>vel</span> <span class='ocrx_word' id='word_1_357' title='bbox 1437 4337 1534 4436; x_wconf 77' lang='lat' dir='ltr'>QE;</span> <span class='ocrx_word' id='word_1_358' title='bbox 1552 4340 1733 4432; x_wconf 86' lang='lat' dir='ltr'>diciturque</span> <span class='ocrx_word' id='word_1_359' title='bbox 1743 4340 1813 4410; x_wconf 91' lang='lat' dir='ltr'>lens</span> <span class='ocrx_word' id='word_1_360' title='bbox 1828 4341 1928 4413; x_wconf 86' lang='lat' dir='ltr'>toties</span> 
     </span>
     <span class='ocr_line' id='line_1_38' title="bbox 395 4433 1924 4539; baseline -0.006 -22"><span class='ocrx_word' id='word_1_361' title='bbox 395 4444 594 4539; x_wconf 80' lang='lat' dir='ltr'>amplificare</span> <span class='ocrx_word' id='word_1_362' title='bbox 627 4436 785 4531; x_wconf 71' lang='lat' dir='ltr'>objedtat</span> <span class='ocrx_word' id='word_1_363' title='bbox 819 4435 871 4508; x_wconf 92' lang='lat' dir='ltr'>vel</span> <span class='ocrx_word' id='word_1_364' title='bbox 903 4438 979 4528; x_wconf 91' lang='lat' dir='ltr'>quia</span> <span class='ocrx_word' id='word_1_365' title='bbox 1011 4434 1205 4528; x_wconf 89' lang='lat' dir='ltr'>plerumque</span> <span class='ocrx_word' id='word_1_366' title='bbox 1242 4433 1392 4508; x_wconf 87' lang='lat' dir='ltr'>homines</span> <span class='ocrx_word' id='word_1_367' title='bbox 1421 4441 1558 4509; x_wconf 87' lang='lat' dir='ltr'>minutas</span> <span class='ocrx_word' id='word_1_368' title='bbox 1590 4460 1641 4514; x_wconf 89' lang='lat' dir='ltr'>res</span> <span class='ocrx_word' id='word_1_369' title='bbox 1665 4441 1701 4512; x_wconf 93' lang='lat' dir='ltr'>in</span> <span class='ocrx_word' id='word_1_370' title='bbox 1728 4437 1924 4531; x_wconf 74' lang='lat' dir='ltr'>dislautiay</span> 
     </span>
     <span class='ocr_line' id='line_1_39' title="bbox 1868 4532 1924 4612; baseline 0.018 -2"><span class='ocrx_word' id='word_1_371' title='bbox 1868 4532 1924 4612; x_wconf 82' lang='lat' dir='ltr'>vel</span> 
     </span>
     <span class='ocr_line' id='line_1_40' title="bbox 476 4659 1108 4799; baseline -0.003 -76"><span class='ocrx_word' id='word_1_372' title='bbox 476 4660 534 4739; x_wconf 81' lang='grc' dir='ltr'>(ι)</span> <span class='ocrx_word' id='word_1_373' title='bbox 555 4659 664 4723; x_wconf 79' lang='lat' dir='ltr'>Seneca</span> <span class='ocrx_word' id='word_1_374' title='bbox 683 4663 740 4799; x_wconf 50' lang='lat' dir='ltr'>gu.</span> <span class='ocrx_word' id='word_1_375' title='bbox 762 4664 833 4724; x_wconf 80' lang='lat' dir='ltr'>Nat.</span> <span class='ocrx_word' id='word_1_376' title='bbox 850 4659 918 4722; x_wconf 81' lang='lat' dir='ltr'>Ltn.</span> <span class='ocrx_word' id='word_1_377' title='bbox 940 4676 966 4720; x_wconf 82' lang='grc' dir='ltr'>ι.</span> <span class='ocrx_word' id='word_1_378' title='bbox 987 4661 1058 4740; x_wconf 82' lang='lat' dir='ltr'>Cap.</span> <span class='ocrx_word' id='word_1_379' title='bbox 1079 4667 1108 4724; x_wconf 79' lang='lat' dir='ltr'>o.</span> 
     </span>
     <span class='ocr_line' id='line_1_41' title="bbox 474 4740 1277 4816; baseline -0.002 -16"><span class='ocrx_word' id='word_1_380' title='bbox 474 4741 537 4815; x_wconf 77' lang='lat' dir='ltr'>(i)</span> <span class='ocrx_word' id='word_1_381' title='bbox 558 4740 675 4816; x_wconf 83' lang='lat' dir='ltr'>Journal</span> <span class='ocrx_word' id='word_1_382' title='bbox 717 4751 747 4800; x_wconf 79' lang='lat' dir='ltr'>ee</span> <span class='ocrx_word' id='word_1_383' title='bbox 768 4742 892 4801; x_wconf 59' lang='lat' dir='ltr'>wenna</span> <span class='ocrx_word' id='word_1_384' title='bbox 915 4740 967 4799; x_wconf 76' lang='lat' dir='ltr'>Ao.</span> <span class='ocrx_word' id='word_1_385' title='bbox 999 4749 1085 4813; x_wconf 77' lang='lat'>¹⁶77·</span> <span class='ocrx_word' id='word_1_386' title='bbox 1107 4755 1181 4815; x_wconf 73' lang='lat' dir='ltr'>pag.</span> <span class='ocrx_word' id='word_1_387' title='bbox 1208 4755 1277 4812; x_wconf 73' lang='grc' dir='ltr'>ης.</span> 
     </span>
     <span class='ocr_line' id='line_1_42' title="bbox 475 4819 1319 4896; baseline 0.002 -16"><span class='ocrx_word' id='word_1_388' title='bbox 475 4821 530 4896; x_wconf 79' lang='lat' dir='ltr'>(e)</span> <span class='ocrx_word' id='word_1_389' title='bbox 555 4820 716 4876; x_wconf 85' lang='lat' dir='ltr'>Memoires</span> <span class='ocrx_word' id='word_1_390' title='bbox 738 4838 813 4895; x_wconf 88' lang='lat' dir='ltr'>pour</span> <span class='ocrx_word' id='word_1_391' title='bbox 840 4820 928 4880; x_wconf 85' lang='lat' dir='ltr'>servir</span> <span class='ocrx_word' id='word_1_392' title='bbox 955 4819 1089 4879; x_wconf 80' lang='lat' dir='ltr'>al&#39;liill.</span> <span class='ocrx_word' id='word_1_393' title='bbox 1112 4819 1164 4878; x_wconf 88' lang='lat' dir='ltr'>des</span> <span class='ocrx_word' id='word_1_394' title='bbox 1184 4819 1319 4882; x_wconf 73' lang='lat' dir='ltr'>interes.</span> 
     </span>
     <span class='ocr_line' id='line_1_43' title="bbox 473 4895 1144 4976; baseline 0 -20"><span class='ocrx_word' id='word_1_395' title='bbox 473 4897 534 4972; x_wconf 85' lang='lat' dir='ltr'>(d)</span> <span class='ocrx_word' id='word_1_396' title='bbox 556 4895 768 4972; x_wconf 84' lang='lat' dir='ltr'>Emplolruenta</span> <span class='ocrx_word' id='word_1_397' title='bbox 788 4897 835 4958; x_wconf 84' lang='lat' dir='ltr'>for</span> <span class='ocrx_word' id='word_1_398' title='bbox 856 4901 905 4958; x_wconf 87' lang='lat' dir='ltr'>the</span> <span class='ocrx_word' id='word_1_399' title='bbox 927 4898 1144 4976; x_wconf 80' lang='lat' dir='ltr'>idicroscopes.</span> 
     </span>
     <span class='ocr_line' id='line_1_44' title="bbox 471 4972 1566 5061; baseline -0.002 -21"><span class='ocrx_word' id='word_1_400' title='bbox 471 4972 1377 5061; x_wconf 63' lang='lat' dir='ltr'>&lt;orandorumcqadlognpnta.l.ucernano.1723.</span> <span class='ocrx_word' id='word_1_401' title='bbox 1450 4983 1476 5024; x_wconf 76' lang='grc' dir='ltr'>’ῑ</span> <span class='ocrx_word' id='word_1_402' title='bbox 1562 4985 1566 4990; x_wconf 81' lang='grc'><strong><em>’</em></strong></span> 
     </span>
    </p>
   </div>
   <div class='ocr_carea' id='block_1_5' title="bbox 1126 5071 1366 5149">
    <p class='ocr_par' dir='ltr' id='par_1_7' title="bbox 1126 5071 1366 5149">
     <span class='ocr_line' id='line_1_45' title="bbox 1126 5071 1366 5149; baseline 0.004 -1"><span class='ocrx_word' id='word_1_403' title='bbox 1126 5071 1366 5149; x_wconf 76' lang='lat' dir='ltr'>lehbha</span> 
     </span>
    </p>
   </div>
   <div class='ocr_carea' id='block_1_6' title="bbox 0 0 2508 6756">
    <p class='ocr_par' dir='ltr' id='par_1_8' title="bbox 0 0 2508 6756">
     <span class='ocr_line' id='line_1_46' title="bbox 0 0 2508 6756; baseline 0 0"><span class='ocrx_word' id='word_1_404' title='bbox 0 0 2508 6756; x_wconf 95' lang='lat' dir='ltr'> </span> 
     </span>
    </p>
   </div>
  </div>
 </body>
</html>
