4992 6767
560 730 643 818 με
803 692 906 787 uu
962 686 1326 783 utu-ausa
1379 684 1834 800 xantonum

557 912 686 966 tantum
707 891 749 965 ad
774 847 878 978 FR,
903 891 1014 964 sedin
1042 891 1184 964 radiolos
1207 886 1308 975 FT,
1333 886 1392 960 FS
1414 937 1426 974 ,
1451 887 1551 976 Fu,
1575 885 1676 984 FQ,
1699 890 1797 975 FP,
1821 892 2004 971 secernatur
2017 921 2084 975 'atat

556 989 759 1082 explicetur,
785 991 842 1083 qui
865 990 1065 1086 divergeudo
1086 990 1210 1061 radium
1228 987 1261 1060 F
1271 984 1297 1058 P
1323 988 1425 1081 magis
1449 986 1580 1084 refringi
1605 1008 1702 1077 quam
1727 986 1796 1059 FT
1819 991 2006 1069 ostendunt.

466 1155 504 1190 ι.
610 1108 642 1209 ς
668 1110 928 1187 MDCCXCV.
953 1112 1002 1186 Ut
1023 1117 1262 1206 experimenta,
1287 1114 1405 1203 quibus
1426 1111 1496 1183 haec
1518 1113 1704 1183 admiranda
1724 1110 1809 1182 lucis
1831 1121 2009 1206 proprietas
2021 1119 2086 1192 de·
2126 1113 2131 1124 ’

431 1264 437 1273 .
509 1235 516 1253 ·
557 1208 770 1296 monstratur,
795 1212 911 1282 melius
933 1211 1171 1307 intelligantur,
1197 1210 1345 1301 quaedam
1369 1209 1592 1297 praemittenda
1613 1227 1718 1281 erunt.
1768 1208 1802 1278 Si
1826 1230 1884 1299 per
1906 1214 2084 1312 angustum

428 1278 466 1386 ⁴.⁰
494 1297 503 1320 ⁸
558 1303 705 1380 foramen
732 1308 769 1379 R
787 1307 962 1379 rotundum
989 1309 1097 1379 radius
1122 1307 1206 1378 Solis
1229 1304 1298 1378 SR
1320 1309 1354 1377 iu
1377 1304 1489 1376 locum
1523 1305 1694 1376 obscurum
1727 1304 1939 1394 inlimdatur,
1972 1314 2085 1404 expli.

409 1433 412 1440 ·
557 1423 678 1488 catur,
710 1409 879 1502 pingitque
905 1408 937 1475 iu
959 1405 1058 1496 plano
1081 1405 1235 1496 oppofito
1259 1403 1373 1474 orbem
1398 1401 1495 1487 AB,
1529 1423 1572 1472 eo
1597 1402 1776 1494 majorem,
1809 1424 1877 1495 quo
1901 1404 2035 1495 planum
2059 1412 2080 1482 l

556 1498 717 1573 foramine
745 1502 779 1573 R
805 1501 944 1594 amplius
966 1502 1137 1572 distiterit:
1188 1501 1279 1592 quod
1298 1500 1364 1586 fit,
1384 1502 1465 1591 quia
1490 1500 1569 1569 radii
1594 1521 1661 1570 non
1686 1518 1808 1570 tantum
1832 1521 1852 1569 a
1876 1521 1993 1574 centro
2017 1505 2080 1580 So-

557 1596 600 1668 iis
631 1618 796 1672 transeunt
831 1619 978 1671 centrum
1013 1597 1206 1682 foraminis,
1236 1598 1290 1669 sed
1325 1619 1344 1667 a
1367 1617 1440 1667 toto
1466 1596 1700 1688 hemisphaerio
1725 1596 1812 1667 Solis
1837 1596 1936 1669 emilii
1962 1600 2100 1696 stpar‘

553 1690 703 1767 foramen
726 1716 921 1788 penetrant,
955 1696 1084 1788 seseque
1108 1696 1164 1765 sub
1187 1696 1339 1791 angtrlo,
1371 1691 1484 1766 BRA
1511 1695 1567 1785 qui
1591 1695 1764 1785 apparenti
1797 1692 1885 1764 Solis
1918 1696 2077 1776 diametro

556 1793 690 1882 oequalia
711 1794 780 1886 est,
800 1797 839 1866 in
859 1793 1024 1864 teriecaut,
1071 1792 1156 1862 Ideo
1182 1793 1362 1863 indistantia
1389 1812 1442 1861 ro.
1461 1790 1585 1882 pedum
1609 1813 1628 1860 a
1648 1788 1809 1861 foramine
1826 1792 1923 1866 -orbis
1948 1795 2033 1869 Solis
2051 1819 2076 1871 a

552 1888 656 1977 plano
680 1910 863 1980 exceptus,
888 1891 1045 1959 dinnretro
1067 1892 1167 1960 unius
1183 1888 1318 1979 pollicis
1345 1889 1448 1979 major
1469 1888 1534 1972 est,
1550 1908 1757 1984 augeturque
1779 1889 1869 1959 orbis
1894 1892 1927 1962 in
1951 1895 2076 1968 ratione

555 1983 712 2055 distantiae
739 1985 833 2078 hujus
854 2007 872 2055 a
891 1985 1076 2057 foramine:
1127 2009 1200 2057 nam
1234 2008 1275 2055 ex
1296 1985 1444 2076 quolibet
1467 1987 1589 2074 punllo
1614 1985 1695 2054 disci
1720 1984 1806 2055 Solis
1830 2007 1951 2059 exeunt
1974 1990 2073 2078 radii,

552 2080 666 2169 quales
690 2104 709 2150 e
733 2103 869 2167 centro,
894 2084 952 2174 qui
976 2104 1038 2173 pro
1064 2084 1224 2173 parallelis
1247 2083 1358 2153 habeti
1384 2080 1535 2193 poliunt}
1571 2080 1604 2149 hi
1630 2101 1798 2194 permeato
1822 2081 1979 2197 foramine
1998 2090 2076 2182 pin·

548 2178 766 2344 §iiiiii
783 2179 1156 2370 bilbilim
1169 2178 1395 2364 babilli:
1415 2198 1458 2343 il
1469 2176 2070 2372 ,li{„l,⁰¹liillii,52lllib⁰f

541 2366 681 2457 larem,
708 2369 762 2441 sed
784 2370 876 2461 cujus
902 2392 974 2461 pata
999 2370 1105 2440 media
1128 2369 1257 2442 clariori
1278 2369 1356 2441 luce
1378 2368 1610 2462 perfunditur,
1643 2390 1740 2462 quatu
1760 2392 1862 2463 prope
1884 2377 2069 2469 margines,

549 2465 650 2556 idque
677 2469 711 2538 in
736 2465 866 2558 spedlris
889 2467 1039 2537 colorum
1066 2467 1185 2557 septem
1215 2489 1351 2559 quoque
1374 2486 1552 2559 comparet.
1602 2467 1663 2540 His
1687 2470 1826 2563 cognitis
1848 2472 1993 2560 capiatur
2015 2493 2072 2545 vas

549 2561 695 2652 amplum
717 2564 905 2652 altumque,
930 2563 977 2633 ad
995 2563 1086 2656 cujus
1110 2564 1267 2651 fundum,
1295 2562 1482 2649 MNPO,
1503 2568 1563 2655 qui
1581 2568 1723 2657 optimus
1749 2564 1816 2651 est,
1842 2566 1864 2636 fi
1889 2565 2070 2657 pelluceat,

546 2659 657 2732 radius
683 2660 769 2733 Solis
790 2658 859 2732 SR
878 2683 939 2753 per
961 2659 1107 2733 loramen
1131 2661 1326 2735 transmilius
1350 2664 1543 2753 perveniam
1569 2683 1701 2735 notetur
1724 2664 1813 2734 orbis
1832 2663 1902 2734 AB
1928 2665 2071 2778 longitu-

550 2753 596 2826 do
618 2778 656 2827 ac
676 2758 842 2842 latitudo,
875 2779 931 2831 vas
964 2758 1084 2830 deinde
1121 2760 1205 2851 aqul
1236 2759 1411 2852 impleatur
1433 2758 1473 2828 ad
1496 2758 1679 2842 EFHG,
1714 2756 1805 2850 supra
1834 2758 1972 2833 fundum
1996 2761 2071 2834 ruu-

547 2854 661 2924 minati
687 2858 777 2929 orbis
801 2856 975 2951 longitudo
997 2854 1102 2942 CD,
1127 2877 1195 2928 non
1225 2878 1304 2927 vero
1326 2853 1464 2925 latitudo
1488 2853 1560 2921 ZY
1583 2855 1806 2944 explicabitur.
1857 2856 1945 2931 Nam
1961 2858 2068 2934 radius

547 2948 658 3022 SRA
683 2954 817 3043 oblique
840 2952 969 3039 illapsus
991 2955 1031 3018 iu
1059 2973 1175 3036 aquam
1205 2952 1249 3017 ad
1276 2949 1431 3037 punitum
1461 2945 1494 3017 K
1522 2948 1708 3046 refringitur
1731 2951 1774 3022 ad
1796 2953 2068 3045 perpendiculum

548 3043 646 3126 RT,
672 3049 842 3134 tenditque
864 3046 914 3112 via
935 3040 1029 3123 KC,
1052 3043 1151 3112 veluti
1165 3042 1273 3113 radius
1295 3040 1367 3113 RB
1383 3042 1533 3115 incidens
1555 3048 1588 3117 in
1613 3069 1730 3140 aquam
1756 3051 1789 3120 in
1815 3055 1938 3142 pontio
1961 3050 2065 3127 Lre·

544 3138 695 3230 fringitur
719 3142 770 3207 via
793 3134 885 3220 LD,
912 3135 958 3203 est
976 3136 1043 3225 jam
1066 3139 1175 3231 imago
1198 3136 1275 3208 CD
1289 3137 1393 3209 multo
1408 3139 1539 3234 longior
1555 3164 1652 3233 quam
1673 3145 1754 3215 ΑΒ.
1779 3152 1854 3238 quia
1870 3150 1953 3221 radii
1969 3149 2064 3240 lle,

544 3228 621 3300 LD
646 3232 781 3320 oblique
805 3235 837 3300 in
867 3249 983 3318 aquam
1009 3229 1109 3320 illapsa
1130 3232 1352 3327 refringuntut
1379 3232 1413 3305 dt
1439 3236 1664 3327 explicantur=
1697 3263 1808 3316 verum
1834 3266 1992 3337 quatenus
2015 3269 2066 3322 ra·

546 3325 592 3396 dii
618 3325 721 3408 RK,
754 3323 828 3396 RL
849 3324 996 3396 incidunt
1024 3327 1056 3397 in
1084 3326 1285 3419 superficiem
1317 3330 1424 3423 Aquae
1453 3333 1604 3423 parallele
1626 3337 1668 3408 ad
1694 3336 1791 3423 EF,
1823 3343 1969 3416 incidunt
1995 3343 2063 3419 fere

543 3420 854 3514 perpendiculariter
881 3423 914 3491 in
945 3443 1092 3511 aquam;
1125 3445 1199 3495 nam
1230 3426 1367 3524 angulus
1393 3426 1508 3501 RLX
1534 3431 1579 3501 est
1614 3436 1744 3518 reclus,
1778 3437 1928 3531 adeoque
1953 3462 1991 3512 ea
2012 3464 2064 3516 ra·

538 3519 637 3591 alone
660 3540 728 3590 non
752 3518 859 3610 potest
881 3516 1040 3613 refringi:
1067 3520 1151 3592 binc
1183 3521 1341 3594 diameter
1365 3524 1440 3596 ZY
1461 3526 1612 3622 imaginis
1634 3530 1681 3602 est
1705 3533 1837 3623 equalis
1861 3559 1900 3607 ac
1925 3541 1958 3610 in
1983 3537 2062 3612 ab.

543 3635 620 3687 narn
642 3615 876 3709 qualiscunque
899 3616 1075 3704 explicatio
1099 3618 1120 3689 l
1144 3619 1239 3707 parva
1265 3619 1478 3711 obliquitate,
1504 3645 1569 3718 qua
1592 3626 1699 3701 radius
1724 3632 1759 3703 in
1785 3629 1815 3702 L
1838 3635 1973 3724 incidit,
1997 3635 2063 3711 effi·

542 3733 691 3800 ceretur,
715 3712 905 3785 refrauione
924 3712 965 3782 ad
992 3713 1263 3806 perpendiculum
1287 3716 1420 3791 tollitur.

590 3851 622 3949 ς.
647 3849 924 3926 MDCCXCVI.
948 3854 983 3927 u
1005 3875 1112 3931 autem
1133 3857 1281 3935 foramen
1301 3885 1370 3937 non
1391 3862 1429 3936 lit
1451 3868 1647 3953 rotundum,
1671 3869 1725 3941 sed
1750 3871 1932 3965 irregularis
1957 3876 2065 3972 qu'us·

543 3970 676 4040 cunque
700 3949 844 4047 figure,
877 3954 986 4050 imago
1006 3955 1173 4029 foraminis
1196 3979 1332 4051 excepta
1357 3962 1375 4031 l
1403 3962 1502 4051 plano
1527 3986 1594 4034 non
1629 3965 1768 4035 multum
1794 3965 1920 4036 distanti
1943 3973 1972 4057 la
2012 3973 2067 4047 fo·

542 4049 692 4134 ramine,
724 4049 785 4119 erit
821 4046 970 4124 foramini
998 4051 1144 4124 nmilia:
1193 4076 1303 4129 verum
1334 4058 1375 4129 ad
1415 4058 1615 4130 intervallum
1648 4060 1774 4151 aliquot
1810 4060 1969 4153 pedum,
2000 4073 2067 4142 erit

475 4147 481 4161 ‘
543 4146 653 4242 imago
681 4144 848 4219 circularis
884 4146 952 4220 fere
984 4148 1107 4245 ligurae.
1162 4149 1249 4232 Nam
1282 4153 1535 4245 concipiendum
1569 4155 1617 4227 est
1650 4156 1796 4229 foramen
1828 4178 1982 4249 tanquam
2005 4164 2066 4237 ali·

541 4243 634 4335 quod
662 4242 816 4333 planum,
840 4248 874 4314 ln
897 4267 965 4334 quo
987 4249 1155 4321 innumera
1182 4249 1253 4323 sunt
1274 4254 1416 4344 puncta,
1441 4255 1646 4342 quaomnia
1670 4253 1741 4326 sunt
1765 4256 1874 4346 apices
1898 4277 2063 4335 conomm

540 4340 752 4413 formatorum
778 4364 797 4412 a
819 4339 915 4411 radiis
942 4342 1052 4414 Solis:
1077 4345 1209 4436 quando
1233 4349 1267 4418 hi
1290 4353 1368 4420 coni
1388 4347 1460 4420 sunt
1483 4349 1625 4435 breves,
1657 4371 1771 4423 eoram
1796 4372 1873 4423 axes
1898 4351 1969 4425 sunt
1991 4355 2061 4431 fere

432 4471 457 4522 .'
541 4439 625 4511 inter
648 4436 681 4507 se
703 4436 874 4529 paralleli,
902 4443 1052 4529 quamvis
1079 4463 1189 4514 terem
1211 4444 1407 4542 divergant3
1438 4444 1517 4518 ideo
1546 4445 1636 4521 bases
1666 4448 1784 4520 borum
1808 4470 1968 4522 conorunr
1991 4452 2060 4529 for·

420 4575 428 4588 ·
542 4553 634 4605 mant
659 4532 794 4629 liguram
823 4532 971 4609 foramini
1002 4536 1168 4611 limilem:
1210 4542 1342 4631 quando
1372 4562 1481 4616 autem
1506 4547 1583 4616 coni
1607 4544 1756 4619 luminoii
1781 4546 1921 4619 evadunt
1944 4550 2060 4625 admo·

419 4637 429 4666 ⁶
538 4627 623 4701 dum
644 4629 763 4725 longi,
788 4654 864 4707 axes
885 4635 927 4706 ab
955 4636 1068 4706 axibus
1092 4634 1230 4708 multum
1253 4638 1397 4727 distant,
1422 4642 1504 4714 bans
1527 4663 1605 4713 vero
1628 4663 1832 4736 unaquaeque
1856 4646 1903 4717 est
1927 4649 2058 4725 orbicu-

535 4725 645 4800 laria:
677 4726 754 4799 ideo
779 4733 813 4804 in
835 4731 955 4825 plano,
976 4733 1162 4824 excipiente
1182 4733 1309 4822 radios,
1334 4740 1512 4812 innumerae
1536 4738 1626 4812 bases
1650 4741 1826 4814 circulares
1861 4746 2058 4842 pinguntur,

536 4822 801 5006 ὢςηῗὲοἰυυι,
825 4849 862 4905 ut
880 4827 983 4927 figuu
1002 4829 1171 4912 lamminis
1186 4841 1255 4908 n'on
1276 4834 1414 4931 amplius
1436 4839 1606 4937 pingatur,
1634 4838 1689 4913 sed
1706 4858 1830 4915 tanturn
1843 4862 1975 4920 acervus
1996 4846 2058 4920 o‘r·

529 5077 536 5088 .
2013 5034 2061 5118 Et
