4992 6767
1307 511 1319 579 l

563 724 581 745 ’
655 701 902 796 aucta·
954 708 1562 807 csrvsnasrnus.
1776 730 1865 841 aaa

332 930 385 986 ex
417 910 529 984 umbra
555 904 680 975 exiens.
745 902 783 974 Si
816 903 918 976 Terra
945 904 1088 979 versante
1118 908 1152 977 in
1182 905 1210 976 B
1244 930 1285 981 ex
1318 912 1431 982 umbra
1472 911 1595 984 satelles
1628 917 1740 1010 egredi
1777 927 1861 1000 visu,

336 1012 412 1095 fit,
445 1004 517 1097 post
539 1025 598 1092 μ.
625 1002 722 1073 boras
746 996 782 1070 ἅ
809 1021 867 1092 30.
890 1005 950 1087 ni,
983 1006 1099 1075 iterum
1125 1002 1232 1076 limilb
1252 1008 1387 1079 emerso
1409 1010 1659 1097 observabitur,
1693 1010 1729 1083 ot
1754 1018 1776 1088 st
1798 1040 1861 1095 ter·

341 1131 376 1181 ra
396 1106 520 1196 semper
543 1118 673 1173 maneat
693 1099 727 1168 in
759 1097 820 1182 B,
855 1100 937 1171 intra
968 1099 1108 1195 trigesies
1143 1125 1202 1191 412.
1235 1103 1307 1175 hor.
1333 1125 1390 1197 30.
1426 1107 1478 1179 ml
1511 1108 1639 1203 triginta
1666 1114 1861 1192 emersionea

337 1203 556 1278 videbuntur:
589 1196 715 1268 Verum
744 1194 866 1267 interea
900 1196 1002 1269 Terra
1034 1220 1054 1267 a
1084 1196 1169 1290 Jove
1201 1202 1331 1273 recedat
1353 1204 1394 1274 ad
1417 1224 1541 1294 partem
1571 1204 1633 1276 suae
1666 1210 1782 1283 orbitae
1811 1215 1859 1301 C,

336 1321 405 1371 tum
434 1300 458 1369 ii
489 1295 566 1368 Lux
595 1297 629 1366 in
659 1292 717 1362 suo
749 1292 886 1365 decursu
917 1316 936 1365 a
968 1294 997 1365 B
1027 1294 1068 1365 ad
1099 1294 1131 1366 C
1161 1315 1291 1388 tempus
1324 1300 1513 1391 impendit,
1550 1302 1686 1374 emerfio
1707 1306 1860 1383 satellitis

327 1397 458 1470 tardius
488 1395 523 1464 in
557 1389 861 1478 Cobservabitur,
895 1412 999 1483 quam
1037 1410 1132 1462 antea
1172 1394 1398 1468 observabatur
1435 1400 1470 1469 in
1501 1396 1557 1483 B,
1593 1418 1691 1490 atque
1719 1412 1860 1497 tempori

334 1495 490 1566 horarum
520 1512 598 1580 42,
639 1491 692 1558 ml
729 1506 803 1576 30,
847 1502 885 1567 >e
914 1509 986 1579 30,
1025 1488 1060 1559 id
1090 1489 1276 1562 addendum
1306 1494 1396 1578 erit,
1434 1494 1526 1585 quod
1559 1493 1669 1567 lumen
1697 1502 1858 1593 impendit

335 1608 526 1683 percurrens
553 1585 686 1678 spatium
719 1581 833 1669 MC,
869 1586 961 1676 qnod
992 1585 1039 1656 est
1067 1584 1250 1658 differentia
1277 1588 1452 1677 spatiorum
1483 1587 1598 1674 CH,
1633 1592 1723 1666 BH.
1780 1598 1858 1671 Pln·

334 1688 491 1757 rimorum
517 1704 676 1758 annorum
699 1678 939 1754 observationes
966 1682 1198 1769 ostenderunt,
1224 1684 1291 1756 boc
1317 1705 1446 1777 tempus
1470 1685 1534 1758 ell'e
1558 1688 1737 1765 admodum
1762 1716 1856 1766 nota·

333 1781 415 1869 bile,
432 1778 468 1852 dt
483 1780 618 1873 quidem
631 1780 746 1850 decem
761 1780 960 1853 minutorum
980 1779 1031 1852 vel
1042 1780 1198 1870 murium:
1214 1802 1256 1850 ex
1271 1785 1390 1872 quibus
1405 1783 1627 1878 colligendum
1643 1788 1711 1871 eli,
1727 1788 1855 1865 Lucem

325 1898 481 1970 tempus,
506 1880 704 1947 minutorum
723 1874 766 1958 8,
791 1873 826 1945 δι
848 1875 1108 1967 13”.secundum
1124 1876 1342 1966 Bradleyum,
1363 1881 1572 1969 impendere,
1599 1903 1635 1952 ut
1650 1884 1851 1975 distantiam,

333 1998 408 2068 quae
436 1978 518 2046 inter
548 1972 659 2045 Solem
689 1971 889 2064 Terramque
911 1975 1108 2060 intercedit,
1139 1994 1314 2065 percurrat.
1354 1974 1510 2055 ‚Celsinus
1535 1980 1592 2067 qui
1619 1977 1762 2053 Tabulas
1789 1989 1853 2055 cir·

325 2071 569 2163 cumjovialium
587 2068 742 2140 condidit
765 2067 876 2164 (aa),
908 2070 1151 2142 conclusionem
1178 2072 1221 2143 de
1246 2090 1341 2141 motu
1370 2070 1519 2144 Luminis
1541 2095 1617 2145 cum
1649 2078 1751 2148 tribus
1782 2080 1852 2155 aliis

321 2168 420 2260 *Jovis
447 2166 641 2238 satellitibus
663 2186 731 2238 non
752 2170 929 2239 convenire
951 2166 1114 2249 adseruit,
1147 2168 1224 2239 ideo
1256 2165 1412 2257 Halleyus
1434 2170 1545 2241 denuo
1569 2171 1750 2246 satellitum
1776 2197 1849 2252 nto·

322 2285 380 2337 -tus
403 2262 438 2336 dt
458 2263 591 2356 eclipses
607 2264 792 2334 accuratius
815 2264 1014 2346 observans,
1046 2267 1079 2333 in
1104 2262 1218 2333 iisdem
1240 2267 1445 2346 convenire,
1477 2266 1570 2354 quod
1595 2270 1628 2338 in
1653 2272 1770 2341 intimo
1792 2275 1850 2345 Sa·

322 2361 426 2433 tellite
455 2380 604 2432 notatum
631 2359 768 2439 suerat,
800 2357 1014 2445 deprehendit
1045 2358 1139 2450 (i).
1187 2356 1411 2429 Nihilominus
1442 2360 1554 2450 postea
1579 2361 1748 2437 Maraldus
1774 2370 1850 2463 (c)

326 2459 468 2549 obiecit,
494 2454 601 2547 Quod
626 2456 660 2522 in
682 2454 799 2522 intitno
820 2452 965 2523 Satellite
983 2473 1053 2524 non
1080 2453 1299 2526 observaretur
1323 2452 1485 2542 effeetus,
1510 2459 1567 2547 qui
1588 2468 1853 2538 ex'excenttici·

319 2574 392 2624 rate
418 2553 532 2621 orbitae
557 2548 648 2638 Jovis
669 2548 756 2619 circa
778 2547 890 2618 Solem
903 2551 987 2659 ‘oriri
1011 2550 1170 2621 deberet:
1202 2550 1238 2621 Si
1258 2552 1345 2671 enirn
1365 2550 1515 2644 Jupiter,
1548 2576 1625 2627 cum
1653 2558 1757 2632 estin
1785 2562 1849 2635 Pe·

328 2646 505 2813 lilii
523 2646 697 2829 lilii&
716 2642 1440 2829 itiifflelipilliil'dulmiibiil}
1462 2650 1848 2829 silentiariis:

318 2842 444 2908 tiatutn
467 2836 560 2925 Jovis
582 2836 600 2903 i
621 2834 725 2915 Sole,
756 2836 822 2904 sive
845 2834 943 2923 dupla
965 2839 1190 2907 excentricitas
1214 2834 1331 2927 Jovis,
1369 2860 1442 2929 quae
1464 2844 1614 2930 proxime
1640 2849 1774 2935 aequalis
1798 2852 1845 2921 est

323 2931 467 3003 dimidie
490 2929 645 3000 distantiat
667 2928 753 2999 Solis
774 2929 794 2997 d
818 2928 937 2999 Tetri:
961 2929 1113 3020 adeoque
1128 2935 1254 3006 caeteris
1276 2935 1409 3021 paribus
1430 2938 1464 3007 in
1482 2940 1591 3029 primo
1613 2939 1687 3012 casu
1710 2962 1769 3032 per
1787 2950 1847 3017 tria

324 3027 432 3099 saltem
457 3029 584 3096 minuta
604 3027 700 3094 citius
723 3024 835 3094 lumen
855 3023 1000 3108 deserti,
1035 3022 1072 3096 dt
1092 3026 1218 3116 eclipsis
1240 3029 1344 3099 videti
1368 3029 1532 3116 deberet,
1558 3055 1655 3124 quam
1677 3040 1711 3107 in
1733 3038 1848 3115 secun·

315 3126 388 3210 ¹do;
413 3121 550 3193 Tabulae
574 3139 681 3191 autem
704 3120 776 3191 sunt
797 3139 995 3234 computatae
1020 3122 1086 3191 fine
1108 3120 1270 3212 ejusmodi
1292 3125 1516 3215 inaequalitatis
1533 3132 1768 3219 corteiiione,
1792 3136 1846 3208 bae

316 3219 684 3389 {dedititiis
697 3216 1237 3404 {titltdiltil‘lnzll
1253 3238 1366 3405 {llil
1380 3243 1691 3406 pistillos
1715 3228 1843 3399 stit

324 3414 441 3486 tabulae
460 3431 568 3483 autem
593 3433 654 3502 pro
679 3412 787 3500 primo
808 3409 953 3479 Satellite
978 3413 1198 3504 corrigantur,
1217 3413 1265 3482 uti
1289 3412 1330 3482 ab
1354 3410 1495 3504 Halleyo
1517 3415 1637 3489 saslum
1659 3418 1748 3507 suit,
1776 3422 1843 3497 Ta-

319 3510 468 3582 bularum
490 3528 599 3577 tamen
620 3505 773 3577 dissensus
796 3507 830 3575 in
853 3509 976 3574 eaetetis
1002 3505 1199 3577 satellitibus
1220 3527 1342 3576 manet.

371 3606 437 3676 Sid
457 3605 548 3672 hisce
568 3600 805 3691 objeciionibua
822 3599 1010 3687 responsum
1034 3601 1115 3684 fuit,
1138 3602 1257 3671 multas
1279 3604 1511 3692 inaequalitates
1537 3612 1569 3680 in
1591 3631 1743 3685 accurato
1764 3617 1843 3692 ecli-

322 3705 428 3796 pssum
453 3698 580 3769 calculo
604 3696 668 3766 effe
692 3695 964 3777 considerandas,
996 3716 1131 3785 quarum
1163 3700 1246 3768 ratio
1270 3698 1304 3768 in
1328 3697 1464 3773 Tabulis
1488 3702 1609 3776 Cadini
1634 3707 1744 3779 habita
1768 3736 1838 3788 non

314 3802 405 3872 suit:
440 3793 503 3866 Hae
524 3793 754 3882 inaequalitates
776 3795 819 3861 ita
845 3791 915 3862 sunt
937 3812 1159 3881 comparatae,
1192 3813 1229 3864 ut
1260 3814 1376 3867 omnes
1399 3797 1574 3888 aliquando
1598 3802 1631 3875 se
1654 3803 1841 3901 destruant,

315 3895 355 3967 dt
379 3916 448 3965 tom
474 3912 550 3960 cunt
574 3890 729 3971 Tabulis,
759 3886 878 3957 etiams
905 3887 1045 3973 vitiosis,
1065 3909 1247 3983 congruere
1272 3889 1405 3983 eclipses
1426 3895 1645 3971 videbuntur:
1690 3902 1725 3975 Si
1748 3909 1839 3982 enim

318 3994 422 4065 Terra
448 4010 466 4058 a
486 3985 570 4077 Jove
590 3985 743 4067 recedat,
767 3981 803 4055 dt
825 3982 958 4054 Satelles
978 3985 1012 4053 in
1036 3983 1179 4076 elliptica
1202 3987 1308 4056 orbita
1376 3992 1469 4061 ‘tatus
1494 4014 1665 4086 tantopere
1689 4000 1731 4073 ad
1752 4001 1840 4077 Ter·

315 4110 386 4163 ram
406 4082 587 4167 accesserit,
612 4081 668 4151 siet
689 4083 731 4153 ab
754 4100 888 4170 utraque
910 4079 1002 4149 causa
1021 4081 1261 4172 compensatio:
1286 4010 1472 4174 Sthipiter
1494 4090 1536 4157 ad
1561 4092 1673 4164 Solem
1699 4100 1838 4173 accesse-

317 4190 379 4270 rit,
404 4181 439 4255 dt
461 4179 575 4271 majori
595 4180 718 4250 lumine
741 4175 977 4267 perfundatur,
1002 4175 1104 4246 Terra
1122 4194 1232 4247 autem
1255 4177 1418 4250 secesserit
1441 4180 1595 4349 assJove,
1627 4191 1730 4279 major
1754 4194 1837 4267 lucis

313 4284 413 4374 copia
437 4279 477 4348 ad
500 4276 636 4347 Terram
652 4273 805 4356 seretur,
824 4292 926 4361 quam
945 4272 971 4341 l}
997 4269 1124 4362 Jupiter
1151 4294 1170 4342 a
1192 4270 1270 4342 Sole
1295 4274 1369 4362 plus
1391 4297 1466 4349 rece
1491 4281 1580 4372 etit,
1604 4278 1640 4354 dt
1666 4283 1769 4357 Terra
1792 4289 1837 4361 ad

320 4378 436 4473 jovem
456 4372 636 4457 accesserim
662 4371 812 4460 adeoque
834 4367 953 4438 tardius
977 4370 1010 4437 in
1032 4371 1139 4457 primo
1164 4366 1239 4439 casu
1263 4372 1432 4460 apparebit
1455 4376 1581 4468 eclipfis
1606 4401 1705 4473 quam
1730 4387 1763 4456 in
1788 4385 1835 4456 se·

318 4476 455 4559 cundo,
490 4473 567 4543 licet
597 4470 726 4541 luminis
752 4468 866 4536 eadem
897 4462 993 4536 suerit
1017 4465 1163 4536 celeritas
1192 4466 1227 4537 in
1251 4467 1303 4538 via
1326 4489 1346 4539 a
1368 4467 1453 4562 Jove
1475 4473 1518 4546 ad
1542 4473 1678 4552 Terram
1702 4501 1835 4573 percur.

315 4573 430 4649 tenda.
489 4567 537 4642 Hi
568 4566 635 4640 duo
669 4564 758 4640 casus
788 4567 824 4638 in
852 4560 983 4655 reliquis
1011 4558 1104 4653 Jovis
1127 4561 1324 4638 satellitibus
1345 4568 1484 4664 majores
1506 4575 1742 4673 iaaequalimtes
1765 4580 1834 4653 elli·

1722 4697 1837 4772 nunt,

390 4859 452 5016 (ιζ
469 4857 594 4957 Reaaeil
609 4857 661 4921 dea
674 4859 817 4923 observat
831 4859 917 4923 faites
931 4872 969 4921 en
982 4854 1120 4938 plulleura
1135 4859 1273 4943 vonges
1293 4879 1361 4949 pag.
1375 4869 1427 4944 523

388 4941 448 5097 8).
464 4937 981 5100 &3523thququ
996 5029 1086 5101 tzar.
1127 5097 1178 5177 ss
1200 5117 1239 5171 n
1263 5122 1288 5173 ι
