4992 6767
853 673 903 761 n.
957 671 1003 761 a·
1133 678 1185 761 a·
1229 680 1271 789 Q
1325 676 1390 764 u:
1423 681 1472 766 a
1767 786 1772 792 ,
1853 696 1942 799 ,aa

406 873 515 966 phiala
535 877 662 963 Aquam
686 868 784 943 Airis
806 889 976 962 expertem
1000 869 1101 963 spatio
1125 872 1241 946 decern
1266 894 1427 950 annorum
1457 874 1678 964 conclama,
1712 878 1834 953 bacin
1858 905 1931 959 eva·

403 994 501 1044 cuato
520 972 621 1063 polita
643 972 823 1061 recipiente
848 966 883 1039 dt
911 989 1044 1060 aperta,
1064 969 1194 1045 nullutn
1221 972 1320 1045 Ainis
1336 972 1470 1069 ,sagnam
1494 974 1612 1048 editur.

456 1102 487 1192 5.
521 1092 879 1171 MCCCCLXXIX.
914 1092 1004 1189 Quia
1034 1114 1145 1166 autem
1177 1098 1211 1167 in
1232 1098 1466 1192 Atmosphaerd
1492 1104 1576 1173 varia
1602 1100 1701 1175 liuida
1722 1104 1848 1177 elallica
1875 1130 1936 1180 naa

401 1219 486 1285 tant,
512 1199 579 1268 adri
602 1194 816 1287 aliquomodo
838 1191 970 1277 srtnilip,
991 1191 1109 1277 alienae
1131 1213 1237 1265 nmen
1251 1200 1521 1287 constitutionis,
1547 1198 1618 1270 bac·
1642 1205 1739 1273 etiam
1755 1226 1930 1295 aqueatuna

398 1300 537 1391 partium
559 1292 724 1365 interstitia
747 1290 993 1387 ingrediuntur„
1029 1285 1065 1361 δι
1089 1292 1377 1384 intime-perutilia
1408 1296 1653 1371 distabueruntt
1686 1315 1930 1398 cognoscuntur

399 1413 441 1466 ex
466 1391 622 1464 immensa
642 1392 674 1463 ui
697 1388 858 1472 clasticai,
885 1408 988 1479 quam
1017 1385 1073 1457 sub
1096 1410 1254 1480 campana
1279 1393 1380 1483 polita
1396 1399 1475 1479 ,'.e‘x
1499 1415 1563 1486 qua
1588 1397 1661 1470 Aer
1684 1398 1856 1487 hauritur,
1888 1401 1930 1471 ad

400 1490 536 1564 oculum
560 1487 752 1559 ostendunt:
775 1483 863 1556 Nam
884 1485 918 1554 in
939 1488 1045 1574 vitro,
1079 1507 1197 1577 aquam
1223 1488 1590 1586 vulgaremcapiente,
1622 1494 1832 1569 offenduntur
1857 1492 1930 1590 pat'·

404 1588 512 1664 ticulae
527 1586 694 1667 nonnullae
701 1636 712 1671 ,
739 1607 813 1677 quae
826 1604 867 1653 ex
883 1583 1040 1673 parvitate
1052 1586 1193 1675 primum
1219 1587 1367 1658 invifibili
1392 1592 1577 1660 increscunt
1593 1596 1774 1681 continuo,
1800 1592 1930 1667 tandein

402 1687 532 1777 Aquam
557 1706 599 1756 ex
619 1681 687 1754 imo
703 1682 922 1754 adsummum
948 1701 1193 1772 perreptantes,
1217 1684 1404 1756 increscunt
1425 1688 1469 1755 in'
1488 1686 1641 1778 sphaeram
1667 1690 1813 1763 diametri
1835 1694 1934 1765 unius
2061 1777 2065 1786 ,

399 1783 550 1876 pollicis,
575 1779 685 1854 vel&
711 1778 859 1873 majoris,
885 1799 963 1850 cum
987 1798 1066 1848 mox
1088 1778 1278 1888 lrangendae
1306 1804 1347 1852 ex
1371 1782 1542 1875 superficie
1566 1808 1752 1879 erumpunt,
1791 1800 1795 1844 ;

457 1906 490 2006 §.
523 1903 858 1981 llllCCCCLXXX.
897 1902 1218 2001 Quo‘nto'do‘Aqua‘
1244 1905 1352 1976 aerem
1390 1903 1517 1977 bibiti
1536 1904 1730 1979 Vetofintile
1755 1907 1802 1978 est
1824 1903 1933 1999 partes

401 2008 511 2093 adreas
537 2006 674 2098 majores
693 2004 756 2075 elle
781 2005 918 2104 aqueis,
937 2021 973 2073 ut
999 1997 1116 2073 &effe
1141 2007 1254 2088 cavas,
1279 2001 1436 2095 porolas,
1461 2007 1706 2095 praecipuasque
1720 2008 1872 2078 cavitates
1889 2007 1931 2076 ab

350 2167 353 2173 ,
400 2102 484 2195 'aiqu'i
507 2099 936 2197 impleri‘spongiae'inlla'r:
962 2121 1038 2172 cum
1053 2095 1268 2193 aeto'nqua·
1284 2100 1327 2173 srt'
1345 2099 1524 2172 admodum
1548 2102 1655 2188 dan,
1680 2106 1854 2192 partesque
1872 2102 1930 2172 'so-

399 2198 472 2271 lidae
494 2204 576 2271 airis
595 2199 704 2271 'etiarn
735 2198 1026 2290 impenetrabiles,
1057 2196 1159 2276 malla·
1176 2219 1218 2269 ex
1249 2199 1352 2289 Aqua
1376 2192 1412 2268 dt
1437 2196 1525 2271 Adra
1549 2221 1642 2291 aqua
1666 2199 1767 2288 pleno'
1793 2199 1860 2271 lere
1884 2201 1934 2271 in·

400 2297 735 2394 comprelltbilis‘etit
762 2294 872 2366 saltem
904 2300 952 2366 uti
985 2293 1051 2365 sola
1081 2292 1178 2386 aqua.
1235 2292 1327 2389 Quia
1352 2293 1428 2367 Aba
1451 2316 1493 2366 ex
1517 2300 1631 2388 paucis
1654 2295 1762 2368 solidis
1787 2296 1933 2386 partibus

399 2395 547 2480 conllat,
572 2397 615 2465 ab
638 2417 680 2464 eo
704 2393 873 2479 admixto,
897 2392 975 2461 licet
999 2387 1136 2462 notabili
1160 2397 1362 2483 quantitate,
1385 2392 1541 2465 volumen
1557 2393 1664 2485 Aquae
1680 2396 1736 2463 vix
1750 2397 1931 2468 incresceta

399 2488 484 2587 Quo
509 2493 608 2581 Aqua
630 2490 676 2560 est
699 2488 853 2569 calidior,
880 2508 982 2579 ocyus
1008 2491 1116 2560 adrem
1136 2490 1237 2575 bibit,
1262 2490 1340 2560 ideo
1365 2490 1472 2578 allate
1496 2490 1634 2578 celerius
1657 2487 1741 2561 satur
1755 2490 1800 2561 est
1815 2491 1933 2577 Adria,

403 2609 503 2679 quant
523 2586 661 2674 hyeme,
690 2582 725 2653 δι
750 2583 889 2653 interdiu
913 2584 986 2672 plus
1007 2588 1104 2653 Aeris
1123 2581 1231 2655 sorbet
1255 2608 1355 2676 quam
1378 2592 1489 2659 nolin.
1926 2629 1928 2634 ·

384 2787 409 2798 ..
452 2710 485 2806 A.
510 2702 854 2779 MCCCCLXXXl.
880 2705 914 2774 Si
937 2704 1069 2797 pondus
1088 2704 1274 2798 specificum
1298 2708 1431 2796 Aquae,
1451 2730 1525 2796 quae
1549 2710 1596 2790 est
1619 2712 1716 2799 plena
1739 2712 1791 2782 vel
1817 2719 1933 2803 expeti

405 2806 526 2889 Adtis,
552 2802 760 2892 exploretur,
786 2801 979 2884 discrimen,
1004 2799 1074 2870 fere
1096 2791 1267 2897 deteglflne
1292 2805 1354 2871 uit:
1378 2806 1484 2891 Aquae
1509 2822 1616 2873 tamen
1642 2809 1723 2874 aitis
1748 2809 1851 2893 plenae
1867 2828 1935 2878 tan·

401 2902 476 2975 tillo
501 2898 602 2989 majus
628 2897 674 2967 est
698 2895 869 2968 volumen:
895 2895 971 2966 ideo
999 2895 1070 2966 Aer
1095 2895 1129 2965 in
1155 2823 1459 2988 aqui'gelitesc'ens
1483 2899 1621 2970 multum
1646 2901 1665 2969 a
1690 2901 1771 2969 statu
1797 2901 1854 2968 suo
1879 2890 1934 3000 aa}

402 2998 498 3088 turali
531 2997 659 3066 aberit:
692 2997 785 3065 adtea
819 2991 974 3082 quelibet
1001 2992 1159 3082 particula
1190 3014 1261 3064 non
1281 2992 1377 3064 facile
1401 3013 1546 3083 aqueas,
1582 3017 1663 3084 quas
1686 2997 1935 3084 compleciitur3

402 3098 550 3180 relaxat,
577 3095 725 3176 excutit,
760 3108 814 3159 aut
834 3110 899 3161 una
921 3109 997 3159 cum
1018 3085 1089 3157 aliis
1103 3089 1147 3158 in
1171 3086 1312 3160 formam
1340 3087 1472 3181 separati
1497 3089 1595 3161 fluidi
1619 3090 1837 3185 conjungitur.
1886 3092 1936 3165 Si·

402 3194 472 3267 anili
492 3191 595 3263 modo
620 3191 692 3261 Aet
718 3191 751 3259 in
776 3186 845 3256 aliis
872 3185 982 3260 fluidis
1004 3185 1205 3262 Auitnaliurn
1228 3182 1264 3257 ἅ
1289 3184 1529 3282 vegetabilium
1553 3186 1642 3258 latet
1776 3187 1783 3198 '

457 3332 489 3431 q.
522 3324 881 3402 MCCCCLXXXll.
915 3326 1019 3400 Solvit
1043 3328 1142 3418 Aqua
1176 3327 1256 3404 sales
1280 3350 1428 3413 omnes,
1462 3323 1599 3420 fplliles,
1625 3327 1841 3420 vegetabiles,
1865 3333 1935 3414 ant,
1999 3327 2009 3350 ·’

403 3434 528 3514 males,
554 3427 698 3519 fingulos
717 3426 806 3497 varia
826 3428 1025 3515 quantitate,
1049 3424 1151 3495 veluti
1174 3429 1336 3499 accuratis
1355 3425 1502 3519 Magnus
1522 3424 1741 3521 'Boerhavr'us
1766 3419 1863 3495 evicit
1875 3449 1932 3497 ex·

402 3529 595 3623 perimentis
616 3523 710 3616 (a).
762 3520 895 3615 Quibus
910 3543 983 3592 mea
1005 3520 1131 3594 addidi:
1156 3521 1287 3605 calente¹
1306 3524 1395 3604 enim
1419 3521 1507 3597 Aite
1533 3517 1569 3595 &
1593 3518 1696 3615 Aqui
1722 3515 1823 3618 gradu
1852 3519 1938 3615 38„

406 3626 587 3697 solutiones
612 3620 679 3694 hoc
701 3617 805 3688 modo
828 3614 971 3687 fuerunt.
1100 3615 1106 3625 “
1223 3617 1227 3627 ’
1480 3667 1483 3673 .
1799 3617 1803 3624 ’
1926 3673 1933 3700 ,

460 3818 542 3890 Salis
564 3817 678 3886 marini
703 3813 765 3914 ζ’.
786 3815 821 3883 in
847 3811 959 3903 Aquae
979 3833 1072 3904 puta
1094 3806 1162 3907 gvj.
1189 3808 1224 3885 bt
1248 3791 1316 3909 3113.
1359 3795 1364 3805 ⁵
1766 3853 1811 3911 g
1928 3879 1933 3894 ,

457 3916 542 3987 Salis
562 3932 704 4007 gemmae
724 3839 771 4005 ὲ.
800 3913 834 3980 itt
856 3905 1116 4007 Aquae·3iij.&
1143 3909 1200 4002 sa:-
1253 3953 1257 3960 -
1427 3939 1431 3948 ·
1558 3943 1563 3955 ·
1622 3947 1626 3956 ·
1822 3907 1825 3916 '

456 4012 538 4083 Salis
562 4008 772 4079 Ammoniaci
798 4003 844 4103 {12
867 4010 901 4079 in
921 4006 1030 4100 Aquae
1059 4004 1128 4108 giij.
1154 4004 1189 4079 dt
1214 4007 1274 4107 δῇ.

458 4108 548 4179 Nitri
571 4108 638 4199 3ix.
660 4109 694 4177 in
718 4109 824 4193 Aquae
847 4101 914 4202 {vi-

408 4219 419 4232 '·
456 4206 590 4278 Bor-aeis
612 4199 675 4298 ᾔβ.
701 4203 742 4271 in
758 4201 864 4291 Aquae
886 4198 945 4298 {a

407 4341 415 4356 ·
456 4296 694 4395 Aluminis-{i
723 4302 757 4369 ia
780 4298 893 4389 A'quae
910 4299 1000 4401 gxiv.
1116 4325 1124 4351 ι·

457 4402 538 4473 Salis
563 4394 775 4468 Ebsonienlis
798 4393 846 4493 312
874 4398 908 4466 in
933 4398 1039 4489 Aquae
1063 4397 1108 4499 gj.
1133 4398 1167 4473 ἃ
1189 4400 1246 4497 gij.

457 4495 588 4568 Vitrioli
611 4494 720 4564 viridis
741 4496 817 4587 gib.
840 4495 873 4564 in
900 4494 1009 4586 Aquae
1060 4500 1104 4593 iij.

461 4592 594 4686 Quibus
617 4590 733 4660 addam
761 4590 935 4680 sequentia.
1106 4669 1111 4676 ,

461 4687 606 4764 Artena
629 4682 682 4782 31..
695 4691 730 4757 in
750 4690 857 4779 Aquae
879 4685 986 4787 {xxm
1135 4694 1139 4702 ’

484 4976 542 5060 (ι)
564 4973 667 5041 men.
687 4987 763 5055 pat
779 4992 807 5041 ¹·
828 4995 894 5059 aaa·
917 4987 984 5059 sta

1251 5023 1405 5164 er'fr3'
1464 5013 1594 5048 “
