4992 6767
808 683 1522 778 Danant.
1838 692 1919 796 '873

396 887 517 986 pistillo
539 884 611 959 EC
637 886 864 975 apprimamr,
889 882 943 953 sed
971 873 1095 974 semper
1112 881 1229 956 baustri
1250 884 1347 958 instar
1369 900 1498 956 maneat
1519 876 1703 972 expansus,
1727 899 1766 949 ac
1790 899 1915 967 extens

398 988 457 1086 plo
476 988 517 1057 ab
541 1005 625 1073 aqua
647 983 852 1073 explicetur,
877 979 1010 1071 quando
1028 979 1177 1052 embolus
1201 979 1319 1054 sursum
1342 981 1484 1053 trahitur.

455 1111 486 1208 §.
521 1102 803 1180 utMcxxxvi.
836 1103 918 1176 Sunt
942 1125 1098 1198 praeterea
1120 1101 1210 1178 &in
1235 1106 1342 1178 antliis
1364 1103 1400 1179 dt
1426 1111 1459 1178 in
1491 1103 1631 1204 embolis
1665 1102 1756 1174 modi
1779 1101 1920 1175 valvula-

397 1231 470 1284 rum
498 1204 610 1279 diverfi
642 1203 851 1300 excogitati,
887 1219 923 1272 ut
949 1205 1089 1274 maxima
1117 1205 1214 1294 copia
1244 1225 1337 1295 aquae
1362 1203 1503 1288 hauriri,
1527 1197 1705 1274 &transire
1719 1199 1833 1291 polilt:
1862 1198 1920 1270 est.

328 1310 337 1326 '
403 1327 453 1380 ιο.
487 1306 626 1376 Corium
656 1302 790 1392 planum
817 1319 893 1369 cum
928 1300 1083 1391 impofito
1116 1298 1325 1391 pondusculo
1354 1298 1511 1390 plumbeo
1549 1303 1584 1370 in
1622 1299 1758 1368 medior
1798 1300 1917 1367 articu-

401 1403 453 1476 lus
477 1422 585 1472 morus
604 1397 745 1468 consistit
767 1400 801 1467 in
823 1414 915 1487 parte
935 1395 1079 1493 longiori
1101 1399 1196 1479 corii,
1219 1418 1293 1486 quae
1320 1398 1458 1488 speciem
1483 1395 1594 1466 caudae
1616 1393 1754 1479 format,
1781 1389 1922 1463 &flexi-
2062 1454 2073 1473 χ

398 1502 525 1571 bilitate
547 1494 634 1569 cedit
655 1494 774 1566 sorsum
796 1493 1038 1582 deorsumque,
1072 1490 1125 1566 vel
1153 1491 1201 1562 est
1221 1491 1350 1564 lamella
1372 1492 1469 1583 plana
1493 1491 1656 1594 metallica
1680 1512 1756 1562 cum
1782 1489 1920 1562 articulo

400 1598 528 1668 mobili.
1571 1617 1578 1626 ·

453 1714 504 1764 2⁰.
528 1692 592 1764 Vel
615 1691 687 1763 sunt
710 1688 784 1760 doae
807 1682 945 1757 lomellae
965 1683 1136 1756 metallicae
1164 1683 1436 1770 semicirculum,
1461 1706 1599 1778 quarum
1624 1683 1782 1756 diameter
1805 1686 1851 1757 est
1874 1707 1925 1757 ar·

403 1790 543 1875 ticulus,
582 1786 735 1861 tranliens
756 1782 899 1857 medium
922 1781 1112 1853 foraminisa
1146 1780 1344 1852 hic-modus
1366 1802 1461 1871 aquae
1483 1782 1623 1852 multum
1646 1778 1682 1851 dc
1707 1779 1802 1853 facile
1826 1801 1927 1854 nana

402 1906 513 1958 mrttrt.

454 1995 504 2076 3⁰.
528 1982 592 2055 Vel
616 1977 812 2058 estlamella
834 1996 925 2050 enea
951 1995 1027 2049 cum
1050 1973 1190 2047 articulo
1212 1993 1281 2046 non
1309 1992 1495 2045 transeunte
1520 1990 1645 2062 partem
1671 1973 1847 2059 mediam,
1871 1973 1926 2044 sed

404 2083 593 2173 propiorem
616 2081 672 2149 uni
696 2095 870 2162 extremo,
903 2092 940 2145 ut
965 2094 1043 2145 corn
1063 2091 1137 2163 pars
1158 2074 1299 2141 maxima
1320 2074 1461 2160 aperitur
1485 2067 1605 2140 surium
1637 2069 1679 2140 ab
1711 2077 1928 2162 aqua‚'·part

403 2182 511 2248 minor
531 2174 708 2245 descendat
732 2177 909 2262 inaquam
932 2168 1084 2253 inferius,
1109 2189 1184 2257 qua
1207 2166 1254 2234 est
1278 2167 1446 2235 artificiosa
1469 2164 1655 2234 methodos.
1806 2177 1808 2182 ’

449 2293 500 2362 4⁰.
527 2270 589 2341 Vel
611 2270 730 2365 globus
752 2267 938 2338 metallicus
957 2266 1060 2331 libere
1081 2261 1198 2328 inlidet
1218 2259 1363 2328 rotundo
1387 2258 1541 2328 foramini
1561 2258 1710 2343 emboli,
1735 2254 1827 2329 &ab
1842 2281 1926 2350 aqna

401 2368 521 2443 sursum
544 2367 697 2455 pellitur,
722 2378 823 2430 nocet
841 2356 963 2453 globus
984 2352 1132 2446 pondere
1155 2354 1269 2424 nimio.
2052 2374 2056 2378 ·

405 2477 507 2633 ,⁵2
528 2459 594 2530 Ἡ
617 2454 817 2622 ‘illidi
834 2447 1721 2642 ‘ntuliii⁰aliii⁰f²t³ir⁰iidti⁰l2
1756 2473 1831 2618 ‘im
1856 2451 1999 2620 fgiti-
2012 2475 2080 2592 im

428 2573 717 2631 eorumemren
1247 2597 1260 2636 ,
1315 2571 1338 2621 u
1435 2572 1460 2644 p
1623 2571 1645 2620 rr
1729 2570 1930 2623 vaeanrae
1989 2567 2039 2590 ··

407 2650 658 2748 comprelloriae.

455 2789 488 2889 ς.
514 2784 816 2881 MMCXXXVII.
841 2786 902 2862 Est
922 2789 982 2861 alla
1006 2787 1142 2881 simplex
1159 2789 1276 2876 antlia,
1300 2789 1365 2864 levi
1378 2789 1492 2862 labore
1516 2792 1686 2893 agimndp,
1710 2813 1776 2883 qua
1789 2793 1928 2863 multum
1941 2791 2003 2906 gb·
2011 2791 2086 2903 ξω

407 2910 502 2980 aquae
525 2908 568 2956 ex
591 2906 694 2975 puteo
720 2885 837 2955 hauriri
861 2886 995 2976 potest:
1032 2887 1080 2955 est
1104 2886 1244 2972 ABC,
1270 2886 1407 2972 Tubus,
1432 2887 1574 2959 infillens
1595 2908 1653 2957 ore
1674 2893 1802 2979 penitus
1823 2889 1933 2959 hiante
1990 2880 2038 2910 ⁹*

406 3004 509 3079 puteo
533 2983 568 3051 in
600 2981 652 3067 A,
684 2980 799 3049 definit
821 2982 925 3051 altero
946 3002 1093 3053 extremo
1120 2985 1154 3052 in
1181 2982 1245 3069 C,
1279 3002 1355 3054 cunr
1378 2984 1526 3073 impoita
1550 2983 1665 3052 mobili
1688 2984 1812 3056 valvaula
1835 3005 1937 3055 aenea.

408 3080 510 3155 Hunc
532 3078 633 3149 ambit
657 3074 690 3146 T
691 3076 775 3146 ubus
801 3075 940 3166 amplior
969 3075 1057 3161 Dl,
1091 3078 1203 3167 aliquo
1226 3078 1365 3168 proinde
1392 3077 1510 3149 distans
1536 3081 1671 3167 apriori
1686 3080 1874 3165 intervallo,
1901 3099 1937 3152 ut

405 3178 578 3254 tuborum
594 3192 733 3246 mutuus
752 3174 919 3243 connitur
942 3193 1012 3243 non
1030 3173 1103 3242 lita·
1118 3193 1192 3264 pars
1217 3173 1311 3265 huJ’us
1335 3173 1482 3264 suprema
1506 3177 1602 3244 etiarn
1630 3174 1795 3271 obtegitur
1810 3176 1935 3247 valvule

405 3273 455 3349 E:
480 3273 587 3364 potest
608 3271 662 3341 hic
683 3269 781 3340 tubus
805 3270 914 3340 vocari
939 3267 1090 3340 embolus
1112 3267 1163 3339 vel
1184 3267 1281 3340 antlia
1305 3291 1367 3363 pro
1391 3269 1514 3341 lubitur
1539 3270 1585 3341 est
1609 3269 1851 3363 receptaculum
1868 3294 1936 3342 arn·

407 3372 493 3467 plius
513 3365 597 3439 ΚΜ
622 3364 720 3452 ΡΝ,
753 3366 843 3457 cujus
871 3365 1009 3437 fundum
1034 3364 1114 3436 NK
1139 3366 1247 3436 tmnlit
1273 3369 1371 3437 tubus
1396 3366 1534 3452 ABG,
1559 3371 1659 3459 inque
1686 3367 1752 3438 hoc
1776 3370 1862 3439 bene
1883 3368 1937 3440 ir·

407 3490 534 3552 marus,
559 3483 834 3558 congruensque,
848 3483 891 3532 ne
905 3484 990 3551 aqua
1003 3460 1416 3533 affluat:·.·U7semitrochus
1434 3464 1545 3533 affixus
1560 3464 1606 3532 est
1615 3468 1697 3552 parti
1713 3466 1871 3556 lupremae
1884 3485 1939 3537 ¹tu·

409 3567 446 3640 bi
476 3562 671 3651 amplioris:
699 3558 792 3627 illum
811 3556 918 3624 transrt
933 3554 1102 3648 Pistillum·
1116 3551 1217 3647 QO,
1251 3562 1306 3645 qui
1329 3561 1415 3626 reda
1437 3557 1554 3627 sursum
1578 3560 1702 3628 tollitur
1726 3557 1761 3629 u
1785 3562 1938 3652 deprimi·

411 3681 492 3744 rur,
524 3676 625 3745 utque
644 3654 679 3723 id
701 3649 929 3721 accumnffime
951 3648 1026 3734 fiat,
1051 3670 1115 3721 tres
1138 3654 1265 3746 exigue
1286 3652 1439 3723 trochleae
1467 3651 1524 3736 G,
1549 3652 1597 3740 F,
1620 3652 1682 3735 Η,
1708 3655 1828 3724 infimae
1852 3660 1937 3746 parti

411 3757 485 3828 mbi
507 3750 675 3843 amplioris
698 3746 772 3818 sunt
792 3745 914 3832 affixae,
937 3767 1014 3816 eum
1039 3747 1233 3842 dirigentes,
1269 3766 1305 3817 ut
1325 3750 1564 3837 receptaculum
1590 3749 1779 3822 intrinsecus
1802 3754 1939 3847 attinga-

412 3874 483 3925 tur:
508 3870 544 3920 ut
568 3844 702 3939 pistillos
721 3847 806 3915 reda
828 3845 924 3912 etiam
939 3835 1113 3937 dirigatur,
1137 3843 1281 3913 adnexus
1302 3841 1349 3913 est
1366 3843 1441 3914 stilo
1455 3846 1701 3943 quadrangulari
1719 3846 1809 3931 XZ,
1837 3869 1937 3920 trans·

412 3950 505 4023 eunti
525 3950 559 4017 in
584 3942 641 4027 T,
673 3938 709 4011 dc
735 3939 768 4009 Y
803 3936 905 4009 fulcra
926 3937 1037 4023 firma,
1071 3940 1381 4031 quadratis-pertusa
1404 3939 1643 4029 [omninibus3
1675 3947 1708 4014 in
1734 3946 1803 4033 ilyli
1825 3946 1937 4018 medio

412 4046 460 4119 est
484 4043 525 4114 ad
549 4039 604 4114 W.
618 4036 768 4109 foramen
791 4034 936 4126 amplum
958 4055 1109 4122 ovatum,
1134 4040 1254 4127 inquo
1278 4040 1378 4107 currit
1401 4039 1564 4108 orbiculus
1578 4061 1653 4109 cunr
1675 4042 1811 4111 brachio
1826 4044 1935 4113 cohae-

411 4153 487 4216 'rens
504 4155 579 4212 cum
593 4155 655 4208 axe
675 4132 765 4220 RS,
790 4135 850 4224 qui
866 4135 998 4204 vertitur
1019 4135 1191 4204 manubrio
1208 4132 1251 4202 V.
1302 4133 1492 4205 infundatur
1514 4136 1667 4225 excipulo
1681 4139 1805 4225 aliquid
1821 4160 1934 4225 aquae,

414 4237 641 4316 tumelevetur
656 4230 813 4324 pillillus,
830 4225 866 4299 ἃ
877 4251 956 4301 curn
970 4250 1014 4300 co
1027 4231 1123 4301 tubus
1137 4229 1276 4320 amplior
1300 4225 1391 4315 DE,
1417 4229 1542 4301 rarescit
1556 4235 1614 4305 aer
1631 4234 1662 4302 in
1681 4232 1782 4323 spatio
1791 4234 1935 4321 anrplio·
2007 4246 2012 4252 ’

414 4339 442 4410 ri
467 4334 545 4419 CI,
570 4332 648 4404 hinc
663 4332 707 4402 ab
722 4330 797 4400 edre
812 4328 847 4397 in
863 4327 945 4398 tubo
969 4326 1078 4398 Aue
1095 4328 1237 4399 elevatur
1251 4326 1380 4397 valvola·
1399 4328 1453 4413 C,
1478 4325 1514 4398 dt
1530 4327 1565 4399 fit
1579 4332 1637 4403 ae'r
1649 4332 1682 4399 in
1700 4332 1780 4400 tubo
1799 4329 1933 4416 ABC,
2071 4406 2075 4415 ,

416 4429 453 4506 ds
469 4435 503 4501 in
526 4431 627 4520 spatio
651 4425 709 4498 lc
732 4422 878 4515 ejusden
900 4426 1054 4510 raritatis;
1079 4424 1230 4515 adeoque
1256 4447 1340 4514 aqua
1363 4427 1404 4495 ab
1426 4427 1638 4517 atmosphaera
1669 4431 1701 4497 in
1730 4449 1832 4518 puteo
1859 4430 1934 4518 plus

416 4525 520 4622 pressa
541 4523 707 4596 adscendit
729 4522 942 4614 aliquousque
965 4523 1130 4594 intubum
1163 4522 1257 4609 nss;
1281 4544 1423 4595 nevero
1446 4525 1501 4594 a'e'r
1528 4524 1660 4615 spatium
1687 4524 1745 4595 Cl
1770 4523 1933 4618 implear,

416 4642 625 4717 perrepturus
648 4618 848 4692 interuallum
869 4621 954 4691 inter
975 4621 1089 4692 ambos
1112 4619 1263 4691 distantes
1285 4621 1404 4705 tubos,
1438 4622 1574 4713 impedit
1595 4627 1682 4716 prius
1704 4620 1802 4692 infusa
1826 4645 1931 4716 aqua,

418 4717 525 4791 fundo
549 4713 627 4785 NK
651 4714 809 4790 initiens:
842 4715 962 4788 deinde
989 4716 1137 4811 depreilo
1160 4717 1280 4809 pistillo
1305 4716 1417 4814 OQ,
1442 4714 1477 4790 dr
1501 4718 1591 4792 limul
1615 4723 1696 4793 tubo
1720 4719 1807 4808 ID,
1840 4743 1932 4793 com·

420 4816 570 4910 primitur
592 4812 682 4900 adr,
715 4813 771 4905 qui
793 4811 840 4885 est
863 4815 898 4888 in
917 4812 1025 4910 spatio
1046 4813 1129 4906 lC,
1153 4815 1305 4983 adeplgue
1330 4816 1384 4888 hic
1406 4817 1510 4895 elevat
1546 4818 1704 4898 valvulam
1728 4817 1782 4912 E,
1808 4817 1930 4891 evolat·

462 4981 468 4990 .
1267 4929 1379 4986 t‘ttt
1866 4923 1930 5000 qun
