4992 6767
593 677 714 798 :10⁸⁶
822 661 938 768 aa
994 646 1897 764 Muraonratcnnra

650 865 682 968 ξ.
707 859 942 942 Moloxult
967 855 1080 953 Quare
1102 852 1202 928 multa
1228 852 1263 924 in
1286 847 1405 933 cellis,
1430 845 1695 924 nonetlmodttm
1712 852 1908 944 profundis,
1932 863 2131 957 apertisque,

598 966 652 1042 uel
674 987 744 1048 uon
766 963 901 1036 sollicite
925 957 1065 1041 clausa,
1091 951 1163 1045 poll
1186 950 1360 1023 vehemens
1385 948 1537 1032 tonitru,
1562 947 1655 1038 quod
1679 947 1773 1043 supra
1801 952 1859 1025 hae
1891 956 2016 1031 domos
2048 982 2129 1037 nan·

596 1067 676 1151 sit,
699 1065 907 1151 vicinumque
930 1056 1021 1139 suit,
1044 1046 1327 1141 corrumpuntur?
1352 1044 1451 1116 veluti
1474 1048 1647 1136 butyrum,
1672 1068 1803 1122 cremor
1826 1051 1920 1127 lastis
1936 1106 1951 1141 ,
1968 1061 2020 1150 qui
2036 1082 2128 1134 aces·

597 1164 670 1248 cit,
695 1163 743 1231 titi
766 1161 808 1230 ab
833 1157 988 1228 omnibus
1012 1153 1045 1221 in
1071 1148 1188 1244 Belgio
1211 1144 1334 1216 rusticis
1360 1141 1406 1212 cll
1429 1163 1664 1238 corruperuun,
1697 1150 1753 1239 qui
1774 1148 1853 1221 ideo
1877 1154 1970 1226 coelo
1992 1176 2125 1232 tonante

596 1258 736 1342 sollicite
753 1254 856 1342 ¹,cellas
878 1251 1060 1332 claudunt,
1087 1242 1123 1316 bt
1148 1244 1748 1344 butyrum,crernorempueedversue
1774 1255 2022 1343 corruptionem
2045 1278 2125 1348 pra„-

596 1356 749 1428 servant:
775 1355 851 1444 quia
873 1365 1022 1441 tempore
1042 1345 1176 1416 tonitrui
1198 1344 1254 1411 air
1275 1340 1484 1411 elellricitate
1503 1338 1670 1412 acescente
1689 1342 1738 1415 est
1758 1345 1904 1437 plenus,
1931 1354 1989 1442 qui
2018 1352 2051 1423 se
2066 1377 2123 1445 pet

594 1471 726 1525 netrans
750 1455 783 1522 in
806 1447 934 1530 cellas,
965 1465 1042 1518 cum
1067 1443 1160 1520 laete,
1175 1436 1211 1510 ot
1235 1439 1354 1527 butyro
1378 1457 1506 1510 motum
1528 1438 1901 1535 intestinum.quendam
1933 1455 2124 1523 communi.-

594 1567 648 1626 cat
664 1600 689 1637 ,.
701 1548 858 1630 memoria
877 1543 1091 1622 acescentium
1119 1539 1216 1622 nintlt
1233 1556 1408 1632 augentem
1421 1556 1563 1628 „atque
1583 1538 1628 1608 ita
1653 1559 1933 1634 conumpentem.

641 1685 675 1776 s.
700 1679 953 1755 MMDXLlll.
977 1683 1032 1751 An
1054 1696 1163 1749 autem
1184 1676 1283 1746 averti
1312 1672 1464 1756 fulmen,
1491 1666 1700 1745 &aliorsum
1722 1672 1931 1750 determinari
1952 1680 2093 1772 potest?

639 1780 720 1856 Hoc
742 1783 836 1854 variis
860 1797 1026 1850 tentatum·
1043 1776 1106 1847 suit
1129 1773 1249 1844 modis.
1614 1833 1618 1840 .

646 1901 695 1952 ιο.
720 1871 1187 1971 Explofionetormentorum
1213 1869 1434 1954 bellicorum,
1458 1891 1541 1961 quae.
1557 1867 1706 1944 adversus
1727 1874 1830 1946 nubes
1853 1876 2061 1973 diriguntur,
2087 1894 2123 1945 ut

591 1977 817 2055 uehementi
835 1976 917 2045 aitis
937 1970 1145 2044 concussione
1169 1968 1272 2040 nubes
1296 1967 1515 2060 discerpantur
1532 2018 1554 2047 ,.
1576 1965 1723 2041 aliorsum
1749 1969 1963 2070 dirigantur.;
2004 1993 2119 2045 ventus

628 2094 763 2160 acetur,
786 2094 811 2144 a
826 2069 1173 2142 sulminelitscitatus:
1205 2062 1290 2136 sorte
1316 2067 1480 2137 concurrit
1504 2065 1723 2162 extinguendo
1745 2067 1873 2141 fulmini
1896 2069 2014 2142 sumus
2040 2072 2117 2141 de'n·

590 2175 673 2259 sos,
698 2173 756 2262 qui
779 2171 821 2242 ab
840 2164 1132 2258 incensopuluere
1157 2165 1251 2256 pyrio
1275 2161 1441 2250 efficitur,
1474 2161 1670 2233 eleslricitati
1690 2168 1774 2238 enim
1799 2165 1893 2237 obest
1913 2166 2033 2238 sumus
2061 2190 2115 2239 ca·

589 2290 695 2344 merae
716 2264 887 2338 obfuscans
903 2314 916 2348 ,
931 2265 1019 2355 quid
1042 2264 1077 2333 ni
1100 2260 1284 2331 eleclricum
1310 2258 1434 2331 fulmen
1455 2261 1594 2342 minuet,
1615 2257 1818 2333 destruetve‘l
1845 2285 1922 2333 cunr
1940 2284 2058 2335 tamen
2079 2269 2113 2337 r'n

589 2367 702 2444 nostro
723 2363 843 2460 Belgio
865 2361 917 2433 he
937 2359 1145 2455 explosrooes
1165 2379 1234 2430 non
1255 2356 1498 2446 instituuntur„
1507 2355 1632 2444 nescio,
1647 2378 1689 2429 an
1700 2358 1878 2431 avertendo
1891 2358 2027 2432 fulmini
2040 2383 2108 2454 pto·

586 2468 660 2542 suu.
695 2541 698 2548 ,
1245 2535 1248 2542 .
1617 2543 1620 2548 .

638 2567 693 2634 2⁰.
716 2560 807 2633 Alibi
836 2560 960 2632 omnia.
977 2549 1261 2645 tintinnabula&
1288 2576 1453 2648 campanae
1477 2557 1527 2626 in.
1541 2555 1678 2628 turribus
1702 2551 1920 2646 pulsantur,
1946 2575 1987 2627 ut
2010 2558 2107 2630 sonitu

540 2734 543 2740 ,
586 2661 711 2734 solmen
730 2679 889 2742 arceatur,
911 2653 946 2728 bt
964 2674 1142 2726 avertatur:
1168 2651 1269 2724 Resta
1290 2653 1470 2725 benedicit
1495 2652 1593 2749 (a):
1625 2651 1677 2724 Ex
1694 2655 1747 2746 pia
1760 2651 2016 2726 Catholicorum
2031 2677 2107 2727 con·

585 2754 752 2844 suetudine
782 2755 857 2842 hoc.
873 2755 1051 2827 remedium
1076 2753 1311 2843 opponimus,
1345 2751 1418 2844 plus
1447 2773 1555 2824 tamen
1579 2750 1716 2823 fidentes
1742 2748 2029 2824 in..Ecclesrastica
2054 2754 2104 2823 be·

584 2855 801 2936 molitione,
827 2874 924 2945 quam
950 2854 983 2922 in
1008 2849 1141 2939 Physica
1164 2847 1232 2919 soni
1254 2847 1435 2920 efficientia.
1459 2846 1548 2921 Rev.
1571 2846 1821 2941 Psocheinquit
1847 2848 1961 2946 (l),
1988 2872 2007 2920 a
2033 2870 2106 2921 tem«

582 2974 666 3048 pore
694 2972 740 3043 30
763 2972 924 3024 annorum
950 2951 1095 3040 quinque
1117 2947 1181 3018 vidi
1211 2946 1443 3035 tempestates,
1476 2949 1594 3039 quibus
1615 2944 1737 3019 fulmen
1760 2946 1847 3019 seriit
1873 2950 2026 3039 quinque
2047 2968 2105 3019 tut·

582 3037 662 3135 ret,
696 3054 730 3120 in
757 3051 874 3137 qulbus
901 3063 1017 3113 omnes
1039 3059 1205 3132 campanae
1231 3037 1468 3131 pulsabantur:
1508 3045 1576 3112 duo
1600 3042 1750 3112 homines
1784 3044 1850 3113 sid'e
1874 3046 1977 3139 digni·
1993 3045 2103 3117 slmiles

580 3141 948 3219 eventus-tradiderunt.
996 3140 1098 3208 Anno
1125 3138 1216 3230 1718
1243 3141 1275 3208 in
1298 3137 1465 3210 Britannia
1483 3140 1629 3224 minori,
1656 3137 1748 3232 juxta
1770 3139 1877 3211 littora
1898 3138 2106 3216 Landemea·

580 3245 631 3314 ila
653 3258 757 3329 usque
779 3235 819 3306 ad
833 3235 891 3305 St.
917 3231 997 3306 Paul
1022 3235 1064 3305 de
1087 3231 1182 3305 Leon
1197 3232 1400 3306 observatum
1424 3235 1490 3323 ell,
1517 3234 1625 3332 fulgur
1650 3260 1703 3328 24·
1723 3238 1841 3328 templa
1855 3236 1992 3328 senisse,
2021 3262 2100 3334 quo·

578 3353 651 3412 rum
678 3355 844 3424 campanae
865 3332 1098 3424 pulsabantur,
1122 3333 1235 3405 vicinis
1261 3332 1408 3425 templis,
1433 3335 1601 3428 inquibus
1623 3356 1791 3428 campane
1812 3356 1887 3406 non·
1900 3334 2093 3425 sonuerant,
2142 3365 2146 3380 ·

579 3434 706 3507 lntaslis
732 3431 807 3527 (c);
831 3432 910 3501 ideo
931 3430 1062 3522 sapienti
1084 3429 1221 3504 consilio
1243 3432 1507 3504 hoc..remedium
1529 3429 1657 3504 aNob.
1682 3434 1728 3505 du
1743 3431 1860 3506 Hatoel
1881 3431 2099 3527 proscriptum

577 3533 639 3604 sitit
664 3531 773 3626 (ἡκ
806 3551 880 3600 nam
902 3528 1109 3622 eleslrlcitate
1136 3530 1221 3604 a'e'ria
1247 3529 1322 3620 plus
1337 3551 1553 3620 exponuntur
1583 3533 1617 3603 in
1640 3530 1858 3604 oscillationes
1881 3532 2009 3627 agitatae
2024 3556 2107 3604 me·-

578 3627 694 3702 tallicae
715 3649 882 3718 campana
907 3648 983 3698 cum
1006 3625 1117 3699 setteis
1140 3626 1297 3712 melleis,
1338 3648 1434 3718 quana
1463 3627 1697 3719 quiescentes,
1740 3628 1824 3701 adeo
1847 3646 1884 3700 ut
1906 3628 2106 3704 eleslricitas·

576 3728 732 3800 fulminea
761 3722 1066 3817 potius-attrahatur
1091 3725 1110 3793 l
1133 3726 1232 3794 motis
1256 3726 1455 3815 campania,
1480 3746 1576 3818 quam
1602 3739 1770 3799 avertatur.
1796 3771 1798 3776 ·

624 3836 675 3917 3⁰.
700 3821 766 3896 Sed
790 3821 845 3894 Cl.
871 3821 1059 3892 Winlrlerus
1084 3821 1171 3892 aliud
1194 3822 1393 3913 praestantius
1414 3824 1593 3898 remedium
1618 3823 1783 3898 avertendi
1799 3823 1948 3912 fulminis
1976 3851 2097 3922 propo·

576 3924 644 3996 sttit.
711 3918 785 3992 Hae
808 3916 994 4009 tempestate
1028 3918 1152 3990 constat
1179 3919 1418 4011 Atmospbaerae
1450 3925 1552 3994 aireae
1574 3920 1660 4015 saepe
1681 3923 1857 4016 plurimum
1883 3925 2104 4000 eleelricitatis-

572 4005 698 4094 inesse:
724 4018 914 4089 electricitas
939 4035 1047 4088 autem
1071 4013 1224 4098 facillime
1246 4015 1361 4092 influit
1390 4021 1423 4090 in
1448 4019 1720 4113 serrum,.idque
1737 4022 1941 4106 uelocissime
1966 4047 2097 4117 percur-

572 4122 641 4193 rlut
666 4117 688 4188 fi
710 4117 807 4212 igitur
817 4116 860 4187 ln
883 4117 1005 4187 vertice
1029 4116 1152 4203 turris,
1177 4116 1317 4210 templi,
1342 4118 1490 4206 domus,
1513 4122 1664 4217 erigenae-.-
1677 4118 1809 4194 serrum·
1827 4143 1896 4196 non
1925 4125 2027 4196 nimis
2045 4143 2097 4194 te·

574 4238 661 4302 nue,
686 4214 778 4307 quod
808 4216 940 4306 corpori
962 4213 1185 4290 idioeleslrico
1209 4215 1353 4300 insistens
1378 4216 1529 4311 ria-quoi
1551 4219 1723 4294 solitarium
1747 4219 1872 4305 ,.huic
1890 4219 1978 4292 ferro
2000 4220 2105 4292 filum.

567 4312 711 4390 ferreum
732 4312 871 4407 longum
899 4311 1175 4391 diametri-‚crium
1198 4314 1384 4406 linearum,
1409 4317 1596 4394 adneslttur
1615 4367 1627 4408 ,
1644 4318 1751 4411 ¹quod
1780 4317 1892 4418 figatur
1912 4317 1955 4389 ad
1973 4316 2093 4411 palum

1776 4461 1779 4466 -
1808 4461 1812 4470 -
2002 4433 2102 4487 terra

643 4631 701 4712 (e)
721 4633 974 4701 Meteorolrulb.
998 4656 1025 4702 r.
1047 4639 1153 4703 Tra&
1166 4653 1292 4720 eaptus·
1307 4565 1466 4707 lboleloa
1487 4575 1791 4727 venel-erueret
1805 4643 1879 4729 ur,
1896 4648 1929 4730 ὅς
1949 4639 2094 4725 ΨΜ·

580 4845 589 4866 ·
660 4790 702 4949 tl
717 4729 1217 4961 linssinnnrn
1239 4815 1398 4955 ruer

655 4949 703 5033 ⁴)
723 4955 1019 5047 omioteleuta
1041 4960 1119 5044 aoy.
1142 4979 1220 5032 tanc
1239 4976 1332 5051 ἕω.
1356 4977 1423 5047 pap.
1446 4978 1515 5084 ⁵⁸3¹
1565 5075 1570 5084 .

1116 5117 1167 5168 δ’..
