4992 6767
481 611 701 816 <5³0⁹-
997 664 1607 786 93:315be

545 905 576 930 ..-
608 863 712 963 Quod
739 837 884 956 sequenti
905 860 1009 934 modo
1029 859 1239 958 demonstro:
1271 864 1370 954 capio
1391 859 1554 947 asserem,
1594 883 1649 934 ra.
1684 860 1805 953 pollie·
1819 864 2085 955 latum-abieti*

408 940 770 1143 e‘ullrru
785 957 1172 1129 nl
1198 955 2075 1134 {binnanfuliniensis·

432 1094 531 1157 Μ
556 1178 624 1230 uno
645 1108 745 1227 assere
766 1152 946 1245 supremam
970 1154 1004 1224 in
1025 1076 1230 1248 longitudrlle
1253 1151 1347 1243 pedis
1369 1075 1461 1243 pinlxi
1483 1076 1654 1248 pigellto
1677 1156 1794 1249 nigro,
1819 1082 1986 1254 sequllnes
2005 1086 2080 1251 part}

555 1274 606 1327 rea
627 1255 698 1347 pari
715 1250 925 1347 longitudine¹
946 1252 1042 1342 pidiae
1066 1247 1138 1320 sunt
1161 1249 1324 1335 ceruleo,
1348 1248 1461 1333 viridi,
1486 1245 1596 1335 floro,
1619 1249 1738 1337 rubro,
1763 1249 1859 1344 albo:
1881 1254 1922 1323 in
1935 1253 1999 1327 alio
2027 1280 2079 1329 as·

542 1337 624 1446 {sore
648 1368 756 1446 partes
780 1345 1011 1438 respondentes
1032 1347 1196 1438 prioribus
1222 1344 1347 1419 inverso
1370 1346 1485 1430 ordine
1504 1345 1657 1419 colorum
1683 1346 1755 1419 sunt
1770 1349 1888 1438 pide,
1904 1350 1960 1442 ¹uti
1979 1350 2078 1441 albo,

545 1449 686 1538 ⁴rubro,
706 1443 818 1530 flauo,
842 1442 1129 1542 viridi,earruleo,
1150 1444 1269 1540 nigror
1290 1441 1441 1536 Oppono
1454 1442 1650 1540 aliquamdiu
1665 1441 1727 1517 hos
1740 1439 1855 1516 afferes
1870 1442 1959 1532 Soli,
1973 1468 2008 1517 ut
2023 1471 2081 1521 eo·

545 1539 757 1638 'dernmodo
779 1535 992 1612 illustrentur:
1016 1559 1086 1612 tum
1108 1559 1223 1612 manua
1245 1539 1395 1632 impolita
1415 1540 1520 1638 plagae
1542 1539 1624 1612 albae
1643 1543 1695 1613 vix
1711 1541 1803 1614 sentit
1818 1539 1983 1639 calorem,
2005 1567 2077 1638 quae

544 1631 761 1735 [comburitur
778 1635 931 1730 imposita
956 1635 1062 1734 plage
1083 1637 1206 1732 nigre,
1230 1658 1305 1727 quar
1326 1637 1373 1709 eli
1395 1657 1414 1738 e
1438 1641 1595 1735 regione:
1620 1633 1656 1710 dr
1680 1638 1725 1708 ita
1751 1641 1785 1709 in
1808 1637 1951 1730 reliquis.
1990 1705 1992 1710 .

543 1811 548 1818 ,
605 1733 670 1810 Vel
702 1756 739 1810 ut
767 1733 882 1812 melius
910 1753 1082 1825 appareat,
1106 1753 1147 1803 ex
1168 1733 1263 1805 clavo
1284 1733 1389 1806 infixo
1407 1733 1512 1834 plage
1536 1735 1644 1823 albae;
1669 1730 1765 1807 &ex
1786 1729 1994 1808 clavo-infixo
2008 1738 2077 1830 pia·

408 1829 917 2028 ,einsiedlensi
938 1828 2080 2028 liunubnilnn”liunsnlenuln

405 2022 469 2106 Fir·
498 2027 685 2124 allegante
710 2049 752 2126 ex
772 2023 891 2100 medio.
906 2022 966 2112 H,
991 2044 1081 2124 patet
1104 2044 1263 2118 quantum
1287 2027 1379 2117 pidia-
1399 2030 1491 2121 nigra
1513 2024 1609 2123 plaga
1633 2025 1671 2098 lit
1694 2025 1829 2098 calidior
1853 2023 1937 2097 alba.

545 2183 551 2194 .
599 2125 701 2210 Pater
723 2133 857 2218 quoque
888 2122 923 2192 id
950 2124 983 2193 in
1007 2122 1123 2212 pannis
1151 2122 1425 2215 quibuscunque,
1458 2124 1515 2215 qui
1539 2122 1671 2195 humidi,
1692 2124 1842 2220 nigrique
1866 2121 1966 2219 longe
1987 2128 2080 2206 citius

546 2223 759 2314 :exnecantur
786 2238 883 2312 quarn
906 2216 997 2302 ubl,
1016 2218 1092 2307 quia
1115 2215 1189 2308 plus
1212 2221 1222 2287 i
1248 2219 1297 2318 lis
1318 2220 1456 2305 bibunt,
1481 2222 1538 2310 qui
1561 2242 1637 2293 curn
1659 2219 1797 2292 humore
1819 2220 1942 2304 avolat:
1976 2220 2078 2297 Panni

544 2322 646 2417 eligii.
664 2317 840 2417 inaaprico
870 2333 1073 2408 ponantur,
1091 2315 1126 2384 in
1155 2330 1212 2414 ten
1255 2335 1305 2385 ras
1333 2315 1431 2387 delati
1455 2314 1538 2387 suste
1561 2316 1764 2404 tundantur,
1794 2318 1972 2407 nitebunt,
2005 2324 2082 2410 quin

555 2435 655 2510 epota
677 2407 733 2486 lux
758 2409 949 2504 expellitur:
975 2410 1029 2481 sed
1052 2411 1151 2502 panni
1172 2407 1237 2480 albi
1262 2412 1296 2482 in
1317 2410 1396 2483 Sole
1417 2411 1514 2504 posti
1537 2432 1605 2484 non
1629 2416 1734 2486 nitent
1764 2416 1799 2487 in
1824 2416 1987 2487 tenebris:
2018 2416 2080 2512 Ni·

555 2517 608 2610 gri
627 2514 766 2608 parietes
786 2511 821 2580 in
840 2508 944 2581 hortis
962 2508 1062 2604 longe
1081 2507 1306 2580 vehementius
1326 2508 1434 2581 calent
1448 2529 1545 2602 quam
1566 2509 1643 2581 albi.
1693 2508 1805 2584 Terre
1830 2514 1931 2608 nigrae
1952 2531 2081 2606 tempn-

528 2607 594 2704 ''re
617 2610 734 2696 diurno
758 2604 895 2678 multum
924 2605 1000 2697 plus
1019 2601 1148 2689 calent,
1169 2617 1269 2694 quani
1291 2603 1374 2677 albae
1398 2604 1613 2697 candideque
1631 2628 1756 2680 arenae:
1780 2607 1821 2681 l'n
1840 2607 1921 2681 fuco
1944 2606 2082 2702 Dioptri

547 2703 606 2782 ‚iel
626 2705 779 2796 Catoptri
798 2700 905 2784 multo
929 2703 1022 2770 citius
1045 2700 1265 2771 incenduntur
1283 2702 1381 2795 nigra
1395 2721 1494 2791 quam
1520 2703 1611 2774 alba:
1634 2702 1784 2777 Excullt‘e
1803 2726 1825 2776 e
1848 2705 1934 2777 filice
1955 2702 2082 2782 &chn-

554 2801 631 2890 lybe
653 2798 807 2874 scintillae¹
820 2789 1099 2880 ilicp'in'cendunt
1131 2798 1262 2889 nigrum
1285 2795 1524 2889 ullulanrmque
1544 2800 1738 2885 linteamen,
1769 2822 1976 2892 nequaquam
2002 2826 2081 2877 vero

423 2911 430 2922 ·
552 2894 744 2992 ¹candidum.
791 2889 1027 2972 lneendrturd
1052 2892 1118 2980 leri
1139 2894 1216 2989 igne
1245 2911 1314 2965 ater
1338 2894 1467 2977 carbo,
1498 2893 1589 2986 curin
1603 2894 1738 2991 ¹lgntun
1762 2913 1830 2967 non
1858 2896 1915 2966 nili
1938 2915 1958 2965 a
1987 2895 2092 2971 lucu·-

545 2992 648 3100 {lento
677 2992 754 3088 igne
773 2988 906 3092 incendi
929 3001 1068 3090 poterat
1309 2987 1318 3004 ⁸

546 3167 566 3240 j
604 3147 637 3247 ς.
661 3146 873 3221 MDGXXI.
898 3141 1052 3242 Corpora
1075 3152 1167 3246 nigra
1195 3142 1267 3221 tam
1298 3148 1446 3221 celeriter
1474 3147 1704 3237 incalescunt,
1734 3154 1811 3245 quia
1839 3170 1954 3223 eorum
1976 3173 2090 3245 partes>

553 3245 636 3324 vsunt
652 3265 793 3333 terrere,
818 3244 1051 3342 minutilsrn'rae,
1072 3244 1379 3339 mobiliffimaeque:
1410 3264 1565 3337 praeterea
1593 3248 1678 3341 ignis
1703 3247 1767 3318 alte
1787 3248 1916 3339 patulos
1941 3240 2082 3346 ingredl·

543 3351 613 3417 titt
636 3361 780 3429 meatus,
804 3345 889 3414 inter
907 3361 1015 3435 pnrtes
1033 3341 1248 3435 aliquomodo
1268 3345 1429 3431 irretitur,
1455 3340 1493 3413 &-
1512 3344 1588 3435 quia
1611 3342 1663 3415 be
1677 3348 1731 3417 uix
1744 3343 1989 3430 cohaerescunt,
2014 3369 2081 3420 non

557 3441 632 3515 sunt
662 3440 825 3527 elallicae,
859 3442 1034 3536 ignemque
1067 3460 1202 3534 epotum
1227 3442 1354 3532 parcius
1386 3439 1579 3532 expellunt,
1613 3461 1712 3531 quem
1745 3444 1843 3539 igitur
1870 3444 2081 3515 accedentem

544 3539 601 3610 ad
621 3533 721 3609 alium
739 3535 889 3610 acervant
903 3533 965 3623 „a'
983 3560 1051 3629 quo
1071 3557 1136 3609 tam
1157 3533 1364 3609 celeriter-dc
1381 3536 1831 3611 vehementetincalesennt:
1862 3537 2083 3612 Nihilominus

542 3653 692 3707 omnent
711 3633 937 3712 adventantem
955 3637 1067 3730 ignem
1088 3657 1157 3706 non
1185 3632 1397 3728 custodiunt,
1425 3634 1634 3725 sedparrem.
1648 3638 1883 3707 transmittunt:
1908 3635 1984 3706 ideo
2009 3658 2083 3708 cor·

544 3747 662 3824 -pore,
686 3751 762 3822 quae
781 3732 889 3823 jacent
914 3730 972 3800 sub
997 3732 1116 3822 nigris,
1141 3730 1484 3811 eriaminealescunt,
1512 3730 1575 3800 live
1602 3733 1702 3823 nigra
1726 3730 1844 3802 fuerint
1868 3731 2011 3821 expolita
2035 3753 2083 3805 re·

558 3830 628 3902 diis.
646 3828 752 3907 Solis,
777 3828 846 3895 live·
856 3825 925 3916 igni
948 3817 1297 3909 prunarum-..Nigra
1333 3825 1420 3889 enim
1451 3843 1471 3889 a
1503 3824 1582 3891 Sole
1615 3828 1981 3915 tantuminquendam
2011 3851 2084 3923 gm-

557 3923 636 3993 dum
657 3919 883 3998 incalescunt,
918 3936 986 3985 non
1013 3912 1165 3995 infinite,
1196 3914 1245 3983 uti
1269 3908 1518 3989 Thermemetrn
1546 3918 1715 4005 probent,
1746 3916 1784 3987 dt
1803 3922 2026 4007 experimenta
2049 3928 2084 3997 in

543 4015 712 4090 sisennus
734 4015 834 4105 pistis·
851 4010 953 4082 saiiaa
977 4010 1033 4080 nd
1053 4007 1255 4105 nigredinem
1280 4029 1393 4081 autem.
1408 4013 1513 4105 vergit
1543 4007 1638 4081 color
1668 4011 1884 4085 subcaeruleus
1905 4013 2085 4107 obscurus,

542 4114 735 4206 :plurimum
769 4112 866 4184 etiam
896 4111 980 4206 ignis
1006 4106 1172 4177 imbibens·
1190 4108 1422 4196 retinensque,
1452 4104 1530 4178 licet
1553 4108 1627 4197 plus
1657 4129 1754 4198 qnam
1777 4111 1810 4179 n‘
1836 4110 1917 4181 redo
1942 4112 2084 4187 reddar:

559 4208 649 4308 Quia
673 4229 812 4303 corpora
836 4231 879 4280 eo
899 4207 974 4299 plns
997 4205 1079 4275 lucis
1100 4205 1224 4299 ignisve
1249 4205 1482 4286 reverberant,
1523 4225 1592 4294 quo
1625 4203 1695 4274 sunt
1726 4203 1804 4276 flori
1830 4207 1906 4276 'oris
1931 4208 2085 4299 coloris,

553 4312 709 4382 omnium
731 4311 865 4380 minime
887 4319 1015 4392 eorpus·
1031 4300 1164 4384 albuin,
1188 4299 1262 4391 plus
1286 4300 1445 4383 rubeum,
1470 4299 1544 4390 plus
1566 4303 1774 4387 nutantium,
1808 4297 1843 4372 dr
1871 4302 1937 4374 hoc
1970 4307 2088 4380 ordine

447 4483 455 4492 ,
559 4399 702 4489 slavum,
727 4401 851 4485 viride,
875 4398 1081 4484 ceruleum,
1097 4417 1322 4489 purpureum,
1344 4397 1547 4488 violaceum,
1574 4392 1611 4467 ic
1628 4399 1774 4470 omnium
1796 4400 1936 4471 maxime
1956 4403 2087 4498 nigrum

564 4496 740 4571 incalescit.
779 4567 782 4572 ,
822 4565 826 4570 .
2056 4515 2059 4522 ·

612 4622 645 4718 s.
664 4621 894 4702 MDCXXlI.
919 4627 1072 4721 Corpora
1097 4631 1187 4725 nigra
1216 4628 1424 4701 vehementer
1453 4626 1622 4715 calefieri,
1652 4632 1730 4722 quia
1758 4633 1868 4727 ignem
1900 4652 1965 4704 ram
1993 4634 2085 4710 avide

559 4718 715 4806 sorbent,
739 4725 793 4796 vix
813 4725 934 4816 aliquid
958 4725 1157 4808 reflediunt,
1181 4728 1358 4815 probatore
1383 4724 1644 4818 quia-speculum
1668 4726 2084 4827 estonum-nigro'lampi·

564 4815 616 4890 dls
629 4818 776 4892 ardentis
802 4823 979 4894 obdudium
1004 4821 1124 4904 fumo,
1156 4817 1191 4889 bt
1218 4821 1287 4890 Soli
1317 4824 1526 4913 expolitum,
1557 4822 1678 4893 nullam
1710 4823 1817 4895 lucem
1850 4825 1928 4898 soco
1957 4830 2082 4913 reddit,

564 4937 628 4994 nec
652 4914 788 4994 liuidum
810 4918 1062 5011 Thermoscopii
1083 4919 1118 4989 in
1141 4913 1221 4993 soen
1244 4915 1342 5013 posti
1363 4920 1534 5013 raresaeit,
1565 4917 1637 5017 ipso
1657 4938 1766 4999 umen
1786 4920 1918 5020 speculo
1940 4924 2084 5024 citissime

1055 5087 1064 5104 ,
1296 5047 1298 5052 ·
1419 5048 1429 5058 “
1605 5045 1627 5056 ·’
1719 5044 1723 5052 “
1984 5031 1992 5080 ³
2036 5024 2087 5108 1¹2
