4992 6767
747 678 1665 779 LUC'ISGENERALIBUS..
1794 685 1795 689 ‘
1890 693 1975 817 68²7

441 923 506 996 pus
531 899 623 973 inll'ar
646 894 795 966 omnium
820 886 957 957 aliorum
984 902 1191 975 corporum,
1217 882 1270 950 cui
1292 887 1507 976 proprietates
1531 911 1708 984 corporum
1733 893 1860 978 insunt3
1886 921 1965 970 atra-

444 1022 521 1073 men
535 998 579 1068 est
592 995 729 1066 liuidum
749 983 990 1065 fluidilsrmum,
1016 982 1139 1051 idcirco
1155 980 1356 1070 reliquorum
1373 982 1553 1059 fluidorum
1567 990 1663 1061 instar
1677 1012 1719 1063 ex
1733 993 1895 1082 particulis
1912 998 1966 1067 vix

442 1092 736 1168 oohterescentibus
760 1082 906 1166 constat,
930 1078 1141 1170 illapsumque
1165 1079 1198 1146 in
1222 1098 1362 1169 opacum
1381 1081 1575 1171 resedens,
1600 1087 1658 1160 sub
1683 1110 1882 1180 quocunque
1907 1117 1964 1165 an·

440 1192 517 1289 gulo
533 1193 656 1282 poterit
673 1186 834 1279 repercuti
850 1176 1026 1250 secundum
1043 1175 1152 1270 leges,
1177 1176 1297 1266 quibus
1320 1176 1383 1248 alia
1405 1202 1566 1273 corpora,
1591 1187 1655 1260 five
1672 1186 1786 1277 firma,
1813 1188 1875 1262 fiac
1890 1190 1963 1264 ilui-

438 1293 481 1360 da
503 1293 538 1359 in
562 1291 695 1359 obicem
720 1282 836 1373 illapsa·
852 1277 1132 1366 repercutiuntur..
1901 1335 1918 1352 ,

493 1399 524 1499 §.
557 1389 851 1469 ntuetxxttv.
883 1385 1052 1482 Quoniam
1075 1385 1154 1455 radii
1176 1386 1258 1457 lucis
1282 1386 1440 1478 plurimi,
1474 1393 1530 1482 qui
1555 1414 1574 1462 a
1598 1398 1783 1468 numerofiS·
1800 1402 1959 1492 variisque

383 1541 392 1570 0
437 1500 633 1591 corporibus
656 1493 870 1585 replicantur,
895 1484 1062 1580 angustum
1086 1482 1254 1567 foramen,
1279 1506 1342 1555 nec
1366 1486 1415 1557 his
1438 1487 1537 1559 literis
1558 1492 1715 1581 amplius,
1741 1516 1967 1584 transeuntes,

439 1602 475 1668 in
497 1597 572 1667 albo
595 1593 696 1684 plano
718 1588 921 1680 objettotunr
945 1584 1101 1676 imagines
1123 1581 1270 1651 dilliniie
1294 1578 1329 1651 dt
1354 1604 1430 1654 cum
1462 1585 1630 1657 coloribus
1655 1592 1688 1661 in
1715 1593 1854 1666 obscuro
1879 1594 1966 1665 loco-

435 1693 604 1775 fundunr,
630 1693 861 1776 mittuntque,
878 1699 968 1772 patet
988 1678 1097 1748 lucem
1123 1682 1156 1748 in
1176 1678 1333 1748 foramine
1359 1703 1421 1751 nec
1446 1688 1660 1773 permisceri,
1697 1710 1760 1759 nec
1784 1712 1859 1759 curn
1885 1690 1966 1761 luce.
2067 1701 2081 1716 ‘

437 1787 616 1871 confundi,
642 1807 704 1857 nec
727 1782 837 1854 lucem
859 1779 991 1848 alterius
1012 1774 1094 1844 lucis
1113 1796 1239 1845 motum
1263 1796 1319 1845 aut
1344 1778 1556 1850 direitionem
1584 1786 1788 1872 perturbare,
1815 1806 1869 1857 aut
1886 1809 1958 1876 pat·

437 1907 504 1958 tem
533 1887 614 1956 lucis
644 1884 811 1973 abripere..
851 1873 954 1970 Quod
979 1873 1096 1963 probat
1124 1871 1303 1963 quemlibet
1327 1874 1425 1944 Lucis
1450 1876 1574 1946 radium
1601 1880 1641 1947 ab
1667 1878 1802 1971 objectis
1827 1888 1959 1955 venien.

438 2005 505 2056 tem
538 1982 603 2055 elle
622 1978 784 2052 immensae
804 1973 1002 2053 subtilitatis,
1022 1968 1171 2060 adeoque
1188 1969 1293 2040 lucem
1310 1969 1374 2041 luci
1400 1994 1467 2062 prae
1493 1973 1618 2045 infinita
1642 1974 1710 2046 sere
1736 1982 1861 2049 raritate
1889 2001 1958 2051 non
2081 2041 2085 2047 .

436 2077 565 2166 obesse,
590 2100 652 2149 nec
677 2074 833 2147 resistere:
860 2068 934 2140 Hac
959 2068 1156 2159 proprietate
1176 2066 1252 2139 Lux
1277 2068 1442 2159 discrepat
1462 2072 1490 2140 i·
1505 2072 1613 2142 multis
1639 2074 1707 2144 allis
1724 2073 1866 2159 fluidis,
1883 2097 1958 2167 quae

434 2178 494 2248 fibi
516 2176 717 2247 occurrentia
740 2171 793 2244 vel
818 2170 972 2252 omnino,
998 2163 1050 2234 vel
1072 2186 1133 2255 pro
1148 2186 1238 2256 parre
1255 2163 1518 2247 confunduntur,
1542 2190 1598 2238 tut
1623 2170 1808 2261 aliquid-cx
1834 2174 1959 2246 semu·
2102 2246 2106 2252 ,

434 2295 494 2346 tuo
517 2276 705 2364 abripiunt:
731 2271 789 2339 uti·
805 2271 839 2336 in
864 2266 954 2334 hisce
976 2280 1065 2352 patet
1084 2263 1330 2348 experimentis:
1357 2260 1444 2329 Duae
1469 2265 1589 2333 Antliae
1615 2270 1666 2354 A,
1694 2268 1748 2353 B,
1773 2272 1882 2341 rostris
1903 2271 1954 2359 C,
1984 2259 2058 2364 Tab.·
2096 2339 2099 2344 Α

434 2369 493 2458 D,
518 2369 661 2440 insrslunt
677 2385 772 2453 aeque
796 2361 914 2447 amplis
941 2356 1060 2424 tubulis
1086 2354 1223 2439 DEF,
1249 2355 1386 2438 CEG,
1411 2357 1693 2448 conjunilis,.aut
1718 2368 1803 2454 quast
1830 2366 1861 2436 se
1886 2340 2079 2476 per-FiXXJ'
2094 2368 2112 2401 “’

435 2468 619 2539 meantibus
640 2465 673 2530 in
694 2460 806 2528 medio
829 2454 860 2523 E
884 2457 947 2534 ita,
972 2470 1009 2520 ut
1030 2470 1106 2521 axes
1129 2453 1281 2522 tuborum
1303 2452 1431 2543 jaceant
1456 2457 1489 2525 in
1504 2457 1620 2527 eodem
1638 2460 1754 2549 plano:
1783 2462 1959 2535 Manubria
1998 2433 2027 2493 g.
2066 2454 2086 2476 ”’

434 2562 642 2634 embolorum
670 2574 761 2644 parte
789 2550 936 2639 suprema
966 2547 1075 2637 innita
1107 2548 1177 2618 sunt
1212 2550 1330 2620 lamina
1371 2548 1483 2635 KH,
1521 2573 1619 2624 totus·v
1640 2577 1812 2646 apparatus
1843 2559 1958 2633 insistit

436 2656 589 2730 mensulae
612 2649 718 2744 OQ,
751 2646 872 2717 deinde
899 2643 996 2712 antlia
1020 2644 1056 2710 A
1075 2645 1206 2731 impleta
1231 2648 1269 2716 srt
1291 2649 1387 2734 Aqua
1422 2649 1541 2718 fincera
1556 2699 1577 2732 ,-
1600 2652 1696 2721 antlia
1727 2654 1756 2725 B
1782 2659 1879 2747 Aqua
1903 2679 1961 2728 co·

436 2756 541 2825 lorara
565 2773 584 2820 a
604 2747 714 2843 Ligno
737 2739 968 2833 Campechiae,
993 2759 1061 2807 tum
1081 2738 1170 2809 stilus
1195 2739 1261 2810 RS
1288 2740 1378 2810 lateri
1404 2745 1520 2813 tabulae
1544 2746 1724 2818 adnectitur
1747 2751 1972 2842 firmaturque

437 2849 586 2920 cochlea
609 2845 662 2926 T,
689 2842 735 2912 esi
757 2841 798 2909 ad
819 2840 848 2908 S·
861 2834 1035 2916 articulus,
1058 2856 1205 2925 quocum
1226 2836 1419 2927 conjunctus
1433 2839 1479 2909 est
1503 2843 1602 2910 vedis
1628 2842 1715 2929 SV,
1742 2851 1798 2938 qui
1824 2850 1857 2917 in
1884 2849 1961 2918 loco

434 2944 470 3016 Y
493 2941 655 3013 incumbit·
673 2936 789 3008 mediae
815 2933 944 3002 laminae
968 2927 1053 2999 KH.
1078 2931 1119 3000 ad
1140 2952 1320 3002 extremum
1346 2932 1457 3005 Vestia
1483 2934 1732 3027 V'appenditur
1755 2943 1886 3035 pondus
1907 2944 1960 3031 X,

435 3040 528 3134 quod
549 3034 764 3127 deprimendo
786 3031 903 3101 vestim
927 3025 1017 3107 VS,
1049 3026 1141 3117 pellit
1164 3028 1315 3098 embolos
1340 3031 1372 3099 in
1397 3030 1533 3116 antlias,
1553 3030 1593 3102 dc
1619 3040 1689 3123 pari
1714 3041 1878 3111 celeritate
1903 3063 1960 3112 ex-

433 3137 545 3231 primit
565 3148 740 3219 utrumque
760 3125 923 3207 fluidum,
948 3122 1039 3213 quod
1059 3125 1092 3193 in
1118 3124 1272 3194 tuborum
1297 3126 1457 3196 concursu
1481 3127 1523 3197 ad
1547 3127 1579 3198 Ε
1605 3130 1662 3200 fibi
1687 3140 1849 3221 occurrit;
1875 3157 1966 3228 aqua

433 3256 539 3327 pura,
564 3252 636 3321 quae
660 3226 784 3297 eratin
807 3220 905 3292 antlia
925 3220 988 3301 A,
1015 3219 1178 3292 tranfiens
1193 3221 1308 3292 rubum
1332 3220 1403 3291 ΟΕ
1420 3272 1442 3305 ,.
1465 3221 1568 3293 effluit
1591 3245 1633 3294 ex
1657 3226 1712 3313 F,
1737 3234 1968 3324 recipiturque·

435 3336 470 3403 in
488 3327 653 3400 vasculum
673 3326 811 3395 vitreum
832 3315 889 3390 N,
930 3320 1027 3406 Aqua
1045 3316 1218 3403 colorata,
1243 3337 1318 3407 quae
1337 3317 1382 3388 est
1406 3320 1441 3388 in
1465 3320 1585 3390 Antlia·
1599 3321 1655 3406 B,
1681 3327 1816 3422 ingressa
1840 3332 1967 3402 tubum·

434 3426 538 3511 DE,
574 3424 645 3502 exit
663 3442 704 3490 ex
731 3413 1008 3487 Grumentum
1035 3412 1081 3483 Ρ..
1096 3413 1180 3484 adeo
1204 3434 1241 3484 ut
1270 3416 1376 3505 Aqua
1392 3437 1567 3487 occurrens
1591 3420 1699 3509 Aquae
1724 3445 1803 3495 non
1820 3430 1955 3499 miscea-

435 3546 486 3596 tur
509 3527 547 3593 in
563 3519 625 3602 E,
658 3517 713 3586 sed
737 3511 935 3602 repellatur,
967 3528 1160 3597 maneatque
1191 3510 1306 3580 eadem
1341 3512 1472 3599 expulsa
1496 3515 1537 3582 ab
1562 3517 1676 3586 eadem
1699 3539 1789 3607 parte
1813 3523 1955 3595 Antliae:

433 3642 546 3691 verum
571 3638 645 3705 quae
668 3609 842 3699 expellitur
871 3626 912 3673 ex
932 3604 1014 3673 tubo
1038 3602 1169 3689 CEF,
1193 3627 1262 3676 non
1284 3604 1330 3675 est
1350 3610 1479 3696 penitus
1504 3609 1651 3695 sincera,
1678 3613 1731 3682 sed
1756 3617 1955 3706 aliquantum

436 3716 612 3792 colorata,
637 3705 673 3777 dt
693 3712 791 3795 Aqua
813 3724 886 3794 quae
907 3699 1078 3790 expellitur
1096 3720 1137 3768 ex
1163 3699 1216 3785 G,
1244 3701 1292 3772 est
1313 3702 1472 3774 dilutioris
1496 3710 1625 3777 ruboris
1648 3729 1747 3799 quarn
1771 3732 1864 3797 ante,
1890 3737 1967 3784 ma·-

436 3809 556 3882 nifesto
578 3804 722 3886 indicio,
746 3804 780 3870 in
803 3799 881 3869 loco
895 3796 927 3867 E
941 3797 1110 3867 amborum
1128 3794 1308 3868 fluidorum
1334 3798 1472 3889 aliquam
1498 3801 1569 3871 fieri
1592 3804 1786 3877 misturamr·
1802 3807 1880 3900 Ope
1896 3812 1956 3883 hu·

424 3909 484 3999 jus
500 3921 670 3995 apparatus
689 3895 796 3988 potest
812 3895 881 3964 lieri
901 3892 1086 3982 spondere
1106 3894 1248 3985 appenso
1267 3892 1300 3964 X
1325 3897 1472 3989 graviori-
1489 3898 1539 3968 vel
1567 3902 1713 3987 beviori,
1738 3925 1794 3975 aut
1815 3911 1960 3997 propius
2065 3921 2068 3928 '

433 4006 455 4075 S
486 4003 622 4071 admoto
644 3992 766 4085 presius
795 3994 835 4060 in.
853 3986 1004 4059 embolos
1021 3987 1151 4077 junsios
1171 3990 1341 4076 diversus,
1375 3990 1410 4060 dt
1442 3993 1580 4064 celerior
1611 3997 1745 4070 effiuxus
1775 4000 1953 4077 fluidorum

434 4121 476 4170 ex
496 4099 587 4167 tubis·
609 4092 650 4162 ad
673 4089 703 4162 F
727 4083 763 4159 dt
787 4084 850 4169 Ga
879 4087 915 4156 in
935 4087 1090 4155 omnibus
1113 4087 1282 4175 hucusque
1316 4090 1420 4176 captis
1443 4090 1649 4162 varietatibus
1674 4094 1799 4183 semper
1822 4099 1959 4170 mistura

433 4196 597 4283 utriusque
619 4187 710 4259 fluidi
732 4183 897 4255 observata
911 4181 989 4251 suit:
1015 4183 1083 4251 imo
1104 4200 1228 4278 remota
1254 4182 1379 4251 lamella
1403 4181 1487 4254 titt
1500 4182 1659 4278 jungente
1683 4192 1857 4276 embolos,
1883 4199 1955 4264 cui-

435 4291 512 4363 libet
532 4286 670 4358 embolo
691 4281 859 4374 impolitus
882 4279 953 4349 suit·
967 4280 1085 4363 veliis,
1110 4300 1153 4348 ut·
1167 4279 1267 4347 ambo
1292 4279 1414 4349 emboli
1440 4301 1516 4350 curu
1540 4282 1668 4354 diverlis
1688 4285 1809 4357 viribus
1832 4289 1961 4362 eodem·

436 4407 581 4478 tempore
602 4380 729 4474 pollent
752 4379 911 4469 deprimi,
938 4372 974 4445 dt
996 4377 1040 4446 ita
1062 4397 1103 4447 ex
1132 4393 1267 4466 utraque
1286 4375 1385 4446 antlia
1410 4376 1551 4451 fluidum
1575 4401 1649 4452 curn
1674 4380 1844 4454 differenti>
1859 4386 1961 4459 velo*

434 4487 529 4555 citare
552 4482 806 4571 exprimeretur3
831 4471 1101 4544 obseruatumluit
1115 4475 1152 4543 ut
1173 4493 1217 4543 ex-
1238 4471 1335 4542 antlia
1360 4473 1389 4544 B
1415 4472 1558 4545 colorata
1582 4476 1678 4567 Aqua
1698 4478 1825 4570 semper
1848 4484 1957 4558 celer··

433 4584 515 4651 rime
537 4578 792 4667 exprimeretur,
816 4570 1009 4658 ceteroquin
1028 4569 1151 4640 fallacia
1173 4572 1250 4640 oriri
1270 4569 1439 4659 potuillet:
1466 4571 1520 4641 sed
1541 4573 1575 4641 in
1591 4578 1679 4645 omni
1693 4580 1845 4652 variante
1859 4602 1950 4673 prea-

433 4675 488 4747 sos
511 4674 634 4760 semper
665 4671 763 4759 Aqua
788 4686 924 4757 excepta
949 4666 1082 4738 vasculo
1110 4666 1146 4737 N
1170 4667 1320 4737 colorent
1350 4669 1483 4741 biberat.
1536 4665 1668 4743 Deinde
1693 4674 1807 4747 Anrlia
1831 4680 1862 4748 A
1888 4682 1951 4751 im·

434 4776 525 4861 plera
544 4766 605 4837 suit
627 4766 704 4834 oleo
730 4763 992 4848 Terebinthinae,
1018 4764 1130 4835 Antlia
1151 4764 1179 4835 B
1204 4765 1292 4857 aquai
1311 4769 1426 4850 rubra,
1447 4766 1632 4860 junctisque
1645 4772 1832 4846 embolis-in
1851 4774 1945 4863 KH,

436 4859 471 4937 ἃ
494 4862 601 4956 pressu
622 4880 680 4952 per
702 4880 803 4931 unum
823 4863 947 4930 vestem
973 4864 1134 4951 peraeto,
1164 4863 1275 4934 oleum
1299 4862 1541 4937 Terebinthinae
1563 4870 1749 4959 permistum
1775 4874 1810 4943 ln
1836 4871 1867 4942 E
1888 4870 1948 4941 fuit

435 4984 510 5036 curn
531 4963 652 5057 Aqua,
677 4952 713 5029 dr
735 4973 909 5049 exceptum
931 4960 964 5031 in
987 4976 1129 5054 utroque
1147 4960 1280 5051 rasaqlo
1302 4958 1359 5047 N,
1385 4955 1433 5080 P,
1458 4962 1647 5038 limulcum
1670 4966 1948 5148 Aquecolotagp

1924 5080 1951 5146 1⁸,
