4992 6767
904 685 1047 784 DE
1182 692 1514 784 IGNE.
1888 707 2025 814 627'

317 889 331 912 '
436 891 747 986 eattae-uquam
768 887 994 966 adscendentis
1019 883 1300 967 &descendentis
1322 893 1467 963 minores
1488 911 1683 980 cernuntur,
1709 913 1807 986 quam
1829 894 1969 987 fifphae·

439 1021 485 1072 rae
510 992 544 1066 dc
565 993 634 1065 tubi
656 992 774 1064 eadem
799 989 924 1082 semper
951 985 1058 1059 fuillet
1088 989 1275 1076 capacitas,
1293 983 1410 1081 'qualis
1438 992 1471 1060 in
1499 994 1729 1082 experimentis
1759 988 1966 1068 &observa-

439 1094 578 1166 tionibus
601 1094 760 1163 accuratis
780 1086 984 1160 desideratur.
1034 1086 1084 1157 6⁰.
1110 1083 1242 1180 Exiguo
1265 1087 1382 1158 caloris
1405 1086 1582 1162 discrimini
1600 1089 1814 1163 mensurando
1839 1109 1966 1167 tanturn

435 1191 663 1264 Florentinum
678 1187 967 1261 Thermometrum
990 1183 1100 1256 servit:
1126 1181 1215 1254 Nam
1231 1183 1368 1275 Spiritus
1382 1184 1460 1256 Vini
1477 1190 1581 1258 tenuis
1604 1191 1699 1259 citius
1715 1190 1805 1258 omni
1827 1193 1964 1283 cognito

436 1287 602 1362 fluidosin
626 1289 702 1383 igne
724 1285 858 1370 ebullita
884 1282 1035 1374 adeoque
1057 1281 1175 1378 gradus
1199 1280 1315 1352 caloris
1341 1283 1563 1354 ebullientium
1594 1288 1754 1357 variorum
1782 1284 1963 1361 fluidorum

432 1386 498 1456 boc
515 1383 769 1456 Thernrometro
793 1382 955 1473 explorari
979 1399 1158 1470 nequeunt.
1216 1387 1271 1471 7⁰.
1296 1380 1355 1451 Ab
1374 1380 1499 1451 intenso
1515 1381 1634 1478 frigore
1648 1385 1681 1453 in
1697 1385 1885 1476 regionibus
1899 1386 1961 1455 bo·

435 1484 498 1553 reis
511 1481 621 1572 aspera
636 1483 751 1572 hyeme
761 1479 840 1552 Vini
855 1480 991 1570 Spiritus
1005 1475 1041 1548 fit
1055 1475 1176 1573 glacies
1197 1476 1289 1570 (a),
1314 1478 1414 1550 veluti
1428 1480 1461 1548 in
1478 1475 1651 1571 Lapponia
1669 1483 1710 1552 ab
1726 1481 1850 1570 inclyto
1861 1480 1961 1554 Mau·

431 1578 586 1673 pertuifio
608 1580 654 1650 est
675 1578 899 1662 obseruatum,
924 1574 1057 1666 quando
1083 1572 1271 1645 Mercurius
1296 1577 1330 1646 in
1362 1574 1454 1646 Scala
1477 1575 1509 1645 T
1510 1577 1718 1648 hennometri
1750 1578 1961 1669 Fahrenhey·

435 1678 471 1746 tii
496 1675 537 1745 ad
561 1677 696 1772 gradum
721 1677 779 1769 38.
804 1675 861 1748 fub
886 1695 933 1761 0,
958 1672 1009 1742 uel
1031 1672 1072 1743 ad
1100 1689 1204 1764 31,5.
1230 1669 1311 1741 infra
1335 1693 1370 1745 0.
1402 1675 1436 1744 in
1462 1671 1544 1743 scala
1571 1673 1762 1747 Reaumurii
1784 1675 1962 1746 descende·

430 1792 481 1845 rat
506 1773 597 1868 (b).
646 1773 744 1846 Adeo
767 1793 803 1844 ut
825 1771 930 1843 multo
953 1767 1093 1861 asperius
1119 1767 1221 1863 frigus
1248 1768 1345 1853 caeli,
1377 1768 1474 1859 quale
1510 1772 1544 1840 in
1568 1773 1722 1842 America
1748 1773 1961 1863 Septentrio·

430 1869 516 1955 nali,
544 1867 579 1942 ur
603 1876 636 1943 in
658 1872 774 1942 Sibiria
797 1869 870 1955 est,
901 1867 966 1939 hoc
991 1865 1245 1937 Thermemetro
1270 1869 1375 1937 notari
1402 1888 1470 1937 non
1499 1865 1615 1956 pollet.
1672 1869 1722 1940 80.
1747 1868 1794 1941 Et
1817 1873 1870 1941 rix
1892 1870 1959 1941 duo

429 1967 563 2058 plurave
586 1968 792 2041 Thermosco
817 1971 866 2052 ia,
891 1968 960 2058 pari
987 1962 1077 2055 pallu
1100 1963 1304 2047 incedentia,
1330 1963 1397 2035 hoc
1413 1962 1517 2034 modo
1536 1961 1697 2035 fabrefieri
1713 1965 1861 2057 poliunt:
1887 1988 1959 2058 pat·

428 2066 488 2134 tim
511 2068 585 2156 qula
605 2070 659 2138 rix
680 2065 748 2137 duo
774 1989 885 2161 gdobi‚
911 2065 968 2153 qul
990 2061 1031 2131 ad
1055 2061 1206 2132 tuborum
1230 2064 1425 2151 capacitates
1449 2063 1482 2132 in
1505 2059 1621 2133 eadem
1641 2064 1766 2134 ratione
1787 2063 1877 2152 funt,
1903 2063 1959 2133 ba-

426 2160 497 2232 beri
519 2162 670 2254 poliunt:
695 2165 813 2254 partim
833 2164 909 2253 quia
932 2181 999 2231 non
1025 2178 1119 2250 aeque
1144 2158 1315 2230 dilatabilis
1337 2158 1383 2229 est
1405 2157 1484 2229 Vini
1505 2158 1642 2249 quilibet
1666 2158 1815 2252 Spiritus.

474 2317 506 2417 d.
532 2319 773 2394 MDLXVllI.
798 2321 954 2414 Cognitis
974 2318 1023 2388 his
1039 2319 1141 2401 uitiis,
1163 2315 1351 2387 Mercurius
1373 2315 1501 2387 meliori
1524 2322 1650 2388 ratione
1672 2339 1770 2407 quam
1788 2317 1867 2392 Vrni
1885 2317 1960 2411 Spi-

345 2423 356 2442 ⁴
422 2420 503 2489 ritus
529 2421 562 2489 in
585 2419 677 2489 ufum
701 2436 861 2499 vocatur,
894 2415 936 2484 de
960 2434 1027 2503 quo
1053 2411 1273 2483 substituendo
1303 2415 1425 2504 primus
1449 2415 1563 2484 auc'lor
1587 2412 1648 2483 fuit
1672 2412 1828 2503 Halleyus
1855 2417 1959 2487 Anno

429 2514 547 2600 1680,
571 2534 684 2600 verum
709 2511 964 2600 Fabrenheytius
979 2509 1093 2580 'Anno
1125 2529 1228 2600 1709.
1252 2507 1463 2582 Mercurialia
1487 2509 1737 2583 Thermemeria
1760 2511 1958 2583 fabrefacere

427 2605 465 2678 da
496 2609 662 2702 divulgare
702 2608 825 2695 caepitt
876 2605 1054 2673 &deinde
1081 2603 1239 2694 poliendo
1270 2605 1402 2676 ulterius
1428 2606 1575 2696 perfecit.
1627 2608 1814 2680 Mercurius
1836 2631 1959 2702 purus,

428 2725 587 2794 quantum
607 2704 672 2774 huc
696 2720 834 2791 usquea
859 2719 1040 2769 memorato
1067 2718 1215 2787 tempore
1241 2698 1408 2769 obseruare
1435 2701 1545 2784 licuit,
1570 2726 1664 2792 aeque
1691 2705 1882 2786 dilatabilis‚
1908 2708 1960 2776 in·

427 2821 569 2871 mutatus
595 2797 790 2892 &liquoris
826 2797 937 2867 aeterni
956 2798 988 2865 in
1003 2793 1147 2889 Belgio,
1174 2790 1304 2879 Gallia,
1327 2794 1466 2891 Anglia3
1495 2795 1571 2865 licet
1594 2797 1679 2868 forte
1698 2822 1768 2870 non
1789 2805 1824 2868 in
1846 2799 1960 2872 Ruffia

422 2895 586 2988 perstitit,
613 2893 706 2983 quod
729 2896 930 2982 praecipuum
953 2889 1010 2957 est.

477 3012 527 3062 20.
552 2990 709 3070 Accedit,
735 2987 826 3077 quod
851 2986 1039 3056 llllercurius
1066 2988 1099 3056 in
1122 2985 1193 3075 pari
1218 2982 1384 3054 volumine
1404 2983 1504 3080 longe
1526 2987 1662 3057 celerius
1691 2989 1732 3058 ab
1760 2990 1879 3060 eodem
1906 3011 1959 3062 ca-

421 3085 494 3160 lore
515 3085 695 3168 afficiatur,
730 3106 826 3173 quam
857 3082 994 3173 Spiritus
1020 3080 1099 3151 Vini
1131 3079 1353 3162 terrificatus,
1385 3099 1440 3148 aut
1460 3079 1631 3166 Alcobol,
1658 3103 1713 3152 aut
1735 3084 1958 3174 quodcunque

421 3185 509 3256 allud
537 3185 708 3280 cognitum
742 3178 883 3252 fluidum
917 3178 1021 3272 (edre
1046 3176 1229 3270 excepto).
1286 3174 1474 3246 Mercurius
1508 3179 1605 3248 etiam
1628 3181 1777 3251 omnium
1810 3179 1957 3252 citilltme

423 3281 635 3378 refrigeratur.

474 3400 524 3472 30.
549 3377 708 3449 Praeterea
729 3375 807 3445 loco
831 3371 962 3463 sphaerae
984 3393 1089 3443 conus
1108 3366 1161 3444 vel
1183 3368 1347 3458 cylindrus
1368 3369 1449 3439 tubo
1474 3366 1680 3457 adnedbitur3
1708 3375 1764 3460 qui
1784 3375 1883 3443 ambo
1906 3373 1954 3445 fa·

421 3475 484 3548 cile
511 3478 719 3554 minuuntur,
743 3490 921 3564 augentur,
947 3465 1098 3538 &tantae
1120 3465 1304 3536 efficiuntur
1324 3465 1574 3559 magnitudinis,
1599 3488 1636 3538 ut
1658 3471 1817 3559 capacitas
1844 3471 1951 3542 deter-

422 3577 576 3644 minatam
602 3570 745 3659 respedtu
765 3569 836 3635 tubi
858 3564 974 3633 habeat
995 3561 1258 3654 proportionem:
1285 3583 1383 3650 quam
1408 3560 1534 3650 semper
1557 3562 1787 3649 observande,
1812 3566 1950 3657 plurima

423 3668 455 3738 T
458 3668 686 3754 hernioscopia
708 3663 750 3733 ad
771 3661 909 3730 eandem
932 3657 1047 3728 scalam
1071 3654 1230 3727 fabrefieri
1257 3655 1399 3746 poliunt.

476 3783 527 3855 4⁰·
554 3762 672 3831 Conus
695 3759 744 3830 vel
766 3755 930 3846 cylindrus
955 3775 997 3824 ex
1023 3752 1163 3823 modicae
1194 3751 1338 3822 craffitiei
1363 3754 1446 3823 vitro
1467 3753 1528 3839 iit,
1562 3774 1605 3825 ne
1639 3754 1717 3827 dum
1752 3757 1850 3829 tubus
1873 3759 1948 3831 adra
1976 3771 2052 3833 Tab.

419 3882 539 3934 vacuus
558 3858 736 3926 bermetice
756 3853 933 3935 clauditur,
958 3871 977 3919 a
1001 3847 1148 3940 pondere
1170 3845 1424 3940 atmosphaerae,
1458 3850 1655 3922 extrinsecus
1686 3852 1868 3942 cylindrum
1894 3849 2091 3945 velfflffl·
2117 3895 2123 3904 ·

418 3976 564 4030 ventrem
588 3949 855 4043 comprimentis,
880 3949 1039 4038 capacitas
1066 3946 1189 4015 interna
1211 3947 1393 4033 minuatur,
1420 3968 1492 4036 quae
1523 3967 1616 4019 antea
1640 3950 1674 4018 in
1700 3952 1775 4021 a'e‘re
1798 3974 1946 4026 accurate
1967 3944 2018 4003 '¹3‘
2049 3944 2080 4003 ²·
2154 4015 2159 4026 .

421 4051 597 4125 nterrfurata
626 4049 704 4119 fuit:
729 4049 782 4118 cui
808 4043 1023 4116 incommodo
1045 4040 1185 4131 subjetla
1209 4041 1279 4112 funt
1300 4040 1576 4129 Thermemetra,
1602 4067 1743 4134 quorum
1769 4070 1881 4120 venter
1904 4052 1944 4121 ad
1977 4038 2051 4095 ml·

417 4149 598 4246 aagendam
623 4143 845 4237 superficiem,
870 4142 911 4211 ab
936 4161 1000 4211 una
1024 4157 1114 4229 parte
1144 4157 1337 4220 concavus,
1369 4139 1410 4209 ab
1435 4138 1534 4210 altera
1563 4159 1653 4231 parte
1677 4165 1864 4232 convexus,
1888 4114 2094 4253 ευῑῇχξίῖ·

418 4251 509 4320 varia
533 4244 664 4340 figurae,
691 4237 726 4313 &
749 4261 788 4311 ex
814 4239 903 4309 tenui
930 4240 1015 4307 vitro
1037 4231 1206 4305 confectus
1232 4231 1308 4304 fuit:
1332 4233 1405 4314 Aer
1420 4237 1507 4306 enim
1524 4257 1701 4308 concavam
1718 4260 1841 4328 partem
1861 4210 2020 4347 POU'bdd
2039 4233 2093 4347 ξ]

418 4346 493 4416 dere
518 4340 689 4412 introrsum
713 4339 851 4430 premit,
876 4332 1022 4404 convexi
1047 4329 1230 4401 immutati:
1257 4352 1326 4422 quo
1349 4329 1412 4412 fit,
1438 4352 1473 4403 ut
1498 4332 1639 4424 prellura
1661 4334 1880 4426 atmofpbaerae
1895 4339 1942 4409 in·

416 4444 485 4513 dies
506 4439 727 4528 discrepante,
751 4435 871 4507 ventris
894 4432 1053 4523 capacitas
1077 4429 1173 4499 eriam
1200 4427 1346 4517 differat,
1372 4428 1448 4500 ideo
1472 4428 1659 4526 hujusmodi
1687 4429 1940 4508 Thermometro

415 4539 474 4611 lidi
498 4559 567 4608 non
592 4533 708 4624 potest.

455 4655 518 4727 Ι5ο.
544 4631 592 4700 Ut
613 4629 798 4701 Mercurius
816 4623 1054 4718 aequabilifbme
1069 4623 1241 4710 dilatetur,
1263 4627 1297 4696 in
1320 4624 1441 4697 altioris
1457 4624 1535 4697 colli
1552 4625 1679 4717 phiala,
1704 4628 1805 4701 stante
1824 4631 1855 4702 in
1871 4651 1940 4704 are·

414 4754 460 4806 na
483 4730 574 4820 supra
600 4729 736 4820 ignem,
767 4726 854 4816 prius
884 4722 1082 4813 aliquamdiu
1106 4744 1296 4815 coquatur,
1330 4743 1366 4794 ut
1389 4725 1495 4796 omnis
1525 4725 1639 4799 mador
1670 4728 1789 4822 adrque
1816 4727 1942 4799 immis-

1889 4843 1939 4893 tus

491 4920 551 4999 (a)
569 4920 650 4981 Hans
673 4916 773 4996 Egede
796 4919 825 4976 in
846 4917 990 4993 Descript.
1012 4917 1217 4981 Groenlandla
1240 4919 1311 4999 Cap.
1333 4933 1362 4992 4.
1834 4899 1840 4914 ’

488 5003 548 5082 (l)
570 4998 698 5064 Ourhier
718 4998 839 5077 voyage
859 5011 896 5057 au
919 4994 1006 5065 uara
1025 5013 1091 5079 pag.
1112 5015 1181 5071 aaa.
1263 5075 1316 5150 Η
1339 5074 1371 5149 Π

1398 5099 1420 5149 2
