4992 6767
549 702 641 812 -pna
993 682 1614 783 ,DEAGNR

561 895 617 962 air
640 894 673 960 in
695 886 802 959 clauso
828 886 1006 977 recipiente
1031 883 1145 953 fuisset.
1198 880 1280 978 Quo
1306 881 1376 951 A‘e‘r
1398 881 1493 951 citius
1517 879 1668 963 rarescit,
1693 898 1736 950 eo
1759 884 1854 958 citius
1877 892 1972 962 etiam
1997 892 2080 987 igpir'

558 990 667 1080 perit,
695 1004 770 1056 cum
795 982 949 1076 pabulum
976 985 1008 1058 in
1031 984 1140 1076 ignem
1158 982 1276 1073 ‘premi
1300 996 1451 1070 nequeat.

605 1108 829 1183 MDCLVll.
854 1108 888 1180 Si
913 1109 1023 1177 omnia
1044 1104 1157 1173 eadem
1178 1102 1306 1175 incensa
1325 1103 1435 1193 amplo
1459 1107 1626 1196 recipienti
1645 1105 1874 1196 includantur,
1899 1114 1950 1181 cui
1971 1132 2078 1182 novus

562 1210 617 1280 aer
645 1227 804 1300 perpetuo
834 1205 1036 1289 infunditur,
1065 1223 1167 1302 'atque
1195 1204 1238 1270 ita
1270 1220 1338 1270 tota
1365 1199 1460 1271 maffa
1483 1204 1576 1273 aerea
1597 1204 1840 1300 condensetur,
1878 1207 2078 1297 aliquantum

562 1307 682 1440 diutius
705 1311 812 1401 ignem
837 1303 954 1492 alum),
987 1300 1197 1371 nihilominus
1218 1302 1474 1394 extinguuntur,
1506 1298 1598 1392 plura
1629 1301 1689 1370 alia
1713 1302 1967 1394 videri-poliunt
1989 1304 2096 1395 apud·
2160 1391 2164 1400 s

557 1400 652 1474 bob.
677 1403 837 1489 Boyleum
947 1448 956 1466 .

609 1528 639 1626 §.
667 1526 904 1601 nchLVssi.
931 1524 1156 1622 Quamobrem
1178 1547 1214 1598 ut
1236 1526 1390 1619 pabulum
1414 1530 1524 1621 ignem
1547 1524 1633 1612 alat,
1658 1548 1720 1598 nec
1744 1531 1857 1614 nimis,
1883 1550 1945 1600 nec
1970 1534 2076 1607 minua

558 1632 599 1698 ab
624 1631 711 1698 Aere
737 1625 950 1718 premendum
975 1626 1046 1694 est:
1081 1623 1116 1695 ἃ
1136 1624 1262 1696 necelle
1286 1625 1332 1696 est
1355 1647 1391 1697 ut
1411 1625 1519 1694 fumus
1543 1626 1584 1692 ab
1610 1628 1686 1720 igne
1710 1646 1934 1698 removeatur:
1970 1632 2003 1698 in
2030 1651 2072 1700 eo

557 1728 655 1819 igitur
683 1745 789 1816 partes
822 1723 969 1814 quaedam
996 1722 1173 1793 admodum
1203 1726 1321 1813 ineptae
1350 1721 1468 1793 'alendo
1499 1723 1566 1816 igni
1599 1742 1717 1793 erunt:
1752 1723 1801 1792 hae
1826 1746 1903 1796 vero
1928 1726 2076 1817 inprimis

555 1825 628 1893 lunt
654 1844 777 1913 aqueus
795 1842 916 1911 vapor,
943 1840 1010 1891 tum
1033 1818 1116 1889 Salia
1139 1815 1174 1889 ἃ
1197 1819 1321 1891 Terre.
1367 1870 1371 1876 -

603 1950 635 2047 5.
660 1946 868 2020 MDCLIX.
895 1946 1005 2042 Quam
1029 1945 1221 2018 neeellarius
1245 1946 1282 2016 srt
1302 1949 1397 2017 A‘e'ris
1420 1946 1502 2017 liber
1526 1946 1666 2019 accessus
1691 1968 1732 2017 ex
1757 1947 1963 2037 sequentibus
1983 1975 2072 2046 pate·

555 2052 622 2119 bit:
648 2049 682 2117 Si
705 2050 864 2136 recipiens
884 2049 1020 2116 vitreum
1038 2064 1097 2134 95.
1111 2045 1267 2133 pollicum
1284 2044 1556 2131 cylindricorem,
1582 2051 1743 2134 utrimque
1768 2065 1932 2135 apertum,
1957 2054 1990 2122 in
2005 2075 2072 2144 quo

555 2146 693 2237 superne
720 2144 756 2213 fit
779 2142 855 2237 gula
875 2143 1012 2212 rotunda
1038 2140 1185 2211 diametri
1210 2168 1243 2214 2.
1268 2141 1454 2231 pollicum,
1488 2137 1523 2209 br
1557 2146 1590 2211 in
1622 2143 1718 2234 plana
1751 2142 1809 2211 stet
1836 2146 1965 2236 tabula,
2002 2172 2070 2222 tum

552 2290 687 2363 candela
710 2287 842 2358 sebacea
867 2288 1012 2359 diametri
1035 2252 1093 2396 -Ξ-
1122 2286 1202 2377 poll.
1228 2286 1379 2371 incensa,
1406 2283 1494 2356 &in
1521 2290 1699 2379 recipiente
1715 2311 1829 2380 aperto
1850 2292 1951 2383 polita
1966 2302 2071 2394 pergit

551 2437 629 2511 laeta
648 2417 788 2510 'flamma
812 2434 923 2506 ardere
945 2435 986 2507 ad
1010 2453 1111 2506 totam
1134 2435 1245 2524 pabuli
1267 2435 1543 2505 consumtionenr:
1578 2432 1722 2530 Quando
1747 2436 1889 2527 ejusdem
1914 2446 2072 2536 recipien-

551 2589 590 2657 tis
612 2583 688 2682 gula
709 2584 934 2668 minuebatur,
958 2603 995 2654 ut
1013 2582 1089 2654 effer
1113 2538 1154 2691 5}
1179 2580 1262 2674 poll.
1283 2581 1446 2673 quadrati,
1476 2579 1588 2651 ardere
1607 2585 1774 2673 perrexit,
1798 2584 1853 2656 sed·
1873 2591 1978 2663 minus
1997 2593 2073 2667 laeta

550 2733 701 2808 flamma:
725 2731 802 2832 guli
826 2731 957 2800 ulterius
979 2729 1101 2802 minuti
1127 2749 1162 2801 ut
1185 2702 1347 2845 fueriti}
1378 2728 1449 2820 pol.
1481 2724 1663 2821 Quadrati,
1696 2729 1829 2803 flamma
1856 2738 1936 2807 intra
1964 2745 2071 2815 minu.

549 2900 617 2949 turn
638 2876 869 2950 suffocabatur:
895 2898 967 2968 quae
990 2881 1102 2967 paucis
1125 2875 1273 2948 secundis
1294 2876 1415 2946 diutius
1439 2874 1511 2944 arfit
1532 2872 1613 2944 faeta
1634 2895 1780 2965 apertura
1806 2843 1864 2984 ἐξ
1888 2881 1956 2969 pol.
1974 2882 2069 2978 Qua,

545 3026 646 3097 drati:
669 3027 723 3096 sed
744 3025 827 3095 faita
849 3045 995 3115 apertura
1021 2991 1065 3132 ξ
1089 3024 1157 3113 ροΙ.
1189 3022 1316 3118 Quadr.
1346 3020 1480 3092 candela
1511 3024 1652 3139 perrexit
1682 3020 1847 3116 flagrare,
1882 3024 1959 3096 licet
1988 3035 2066 3106 tristi

546 3169 582 3240 br
606 3174 721 3263 exigua
745 3169 901 3253 flamma,
934 3174 986 3240 uix
1011 3171 1165 3263 pabulum
1192 3170 1383 3246 refundente
1410 3163 1445 3240 ἂ
1466 3166 1699 3240 consumente:
1731 3168 1862 3242 Eodem
1887 3177 2070 3268 recipiente

543 3263 617 3337 ustis
639 3266 685 3334 fui
709 3267 743 3335 in
769 3265 974 3356 sequentibns
995 3269 1157 3359 perleulis.

588 3411 714 3481 Tenuis
738 3412 880 3484 candelae
902 3435 1004 3486 cerere
1022 3415 1157 3487 flarnma
1171 3418 1225 3489 vix
1238 3382 1390 3499 firmana,
1413 3415 1570 3507 perstitit,
1595 3435 1671 3487 cum
1688 3416 1763 3512 gula
1779 3438 1846 3488 erat
1870 3383 1927 3527 Ξ·
1949 3423 2063 3514 poliic.

541 3557 704 3651 quadrati:
730 3559 784 3631 sed
801 3560 876 3655 gula
901 3564 1021 3635 arelati
1049 3565 1191 3636 decrevit
1219 3562 1408 3651 flammula,
1434 3566 1574 3634 extiniia
1599 3561 1675 3633 satis>
1695 3567 1790 3650 cito,
1815 3588 1890 3635 cum
1915 3589 2061 3659 apertura

539 3685 660 3779 tantum
684 3729 750 3779 erat
773 3672 833 3816 ἐξ
858 3710 937 3800 poll.
960 3712 1120 3799 quadrati.
1168 3711 1314 3780 Aleohol
1335 3716 1368 3781 in
1386 3710 1567 3781 tenuiffimo
1583 3731 1729 3783 cotoneo
1745 3712 1830 3782 alere
1846 3718 1954 3804 potuit
1971 3716 2062 3791 flam·

538 3876 624 3924 mam
648 3872 773 3923 tantum
799 3850 901 3939 spatio
916 3851 1054 3919 duorum
1069 3852 1290 3933 minutorum,
1315 3872 1390 3919 cum
1405 3852 1490 3944 gplae
1515 3852 1620 3920 hiatus
1642 3874 1710 3921 erat
1735 3825 1794 3963 ἐξ
1818 3858 1899 3945 poli.
1924 3865 2063 3951 quadra.

538 4001 585 4082 ti,
609 3995 729 4067 deiude
753 3994 949 4085 exspirabat:
984 3989 1096 4083 Major
1117 3989 1289 4064 Alcoholis
1311 3992 1441 4063 flamma
1465 3997 1518 4064 vix
1539 3993 1654 4063 decem
1678 3998 1811 4067 minutis
1836 3999 1983 4075 secundis
2007 4032 2058 4081 af.

537 4096 653 4167 debat:
685 4092 739 4164 Eat
766 4093 883 4183 quibus
904 4092 1136 4183 experimentis
1158 4089 1326 4161 manifesto
1349 4089 1539 4184 colligitur,
1564 4091 1698 4161 cuilibet
1724 4092 1865 4165 flammae
1887 4099 2060 4177 liberrimo

536 4195 618 4264 aeris
637 4188 763 4261 accellu
786 4209 871 4280 opus
891 4187 969 4258 else:
996 4182 1101 4279 Quod
1125 4184 1328 4276 stquentibue
1353 4186 1628 4259 observationibus
1653 4188 1792 4259 ulterius
1801 4193 2059 4275 confirmabitur:

548 4353 553 4359 ·
592 4316 623 4414 ᾗ.
648 4316 846 4405 MDCLX.
879 4317 1002 4389 Ardeet
1025 4319 1157 4390 candela
1179 4316 1309 4392 sebacea
1334 4321 1390 4391 sub
1412 4322 1511 4393 vitrea
1535 4341 1692 4413 campana
1718 4347 1804 4393 200.
1834 4330 1915 4418 poll.
1951 4333 2055 4407 Cubi·

537 4436 678 4498 corum,
703 4439 775 4506 quae
796 4416 854 4485 stet
877 4418 911 4485 in
933 4417 1040 4487 tabula
1061 4417 1186 4512 lignea,
1212 4420 1245 4488 in
1266 4419 1374 4518 tabula
1393 4420 1430 4489 fit
1452 4418 1598 4489 foramen
1623 4420 1799 4492 rotundum
1824 4425 1975 4500 diametri
1997 4456 2055 4505 ro.

537 4509 713 4599 linearum,
738 4531 806 4583 tum
831 4510 966 4584 flamma
989 4533 1112 4585 mnnrm
1137 4535 1287 4607 tempore
1311 4517 1433 4587 dimidii
1459 4519 1575 4587 minuti
1601 4517 1740 4587 durabit.
1791 4518 1937 4615 Quando
1961 4530 2054 4602 inta-
2079 4573 2099 4588 -

537 4603 615 4675 bula
648 4605 715 4678 duo
747 4609 882 4681 discreta
907 4608 1064 4682 foramina
1096 4631 1210 4700 erant;
1245 4613 1416 4705 quodlibet
1442 4637 1524 4685 roo.
1557 4614 1668 4684 linear,
1699 4612 1855 4707 Quadrat.
1881 4624 1915 4693 in
1939 4625 2054 4700 eadent

537 4721 692 4795 campana
714 4706 786 4795 pari
807 4724 956 4799 tempore
979 4709 1051 4780 aret
1075 4710 1189 4781 eadem
1209 4712 1362 4784 candela:
1388 4709 1534 4810 Quando
1557 4710 1672 4786 eaden
1695 4731 1851 4810 campana
1876 4720 1978 4796 tribus
1992 4726 2053 4795 inr-

1991 4841 2057 4913 1³0?

609 4959 666 5040 (a)
688 4962 859 5030 maurum
875 4982 903 5026 a.
925 4964 1199 5049 emendemur.
1219 4970 1358 5078 diceban.
1379 4972 1472 5038 anic
1491 4985 1522 5053 1.·
1548 4947 1559 4999 f
1873 4920 1876 4926 ·
