4992 6767
563 691 1628 796 numuruonrsrouars.
1756 725 1863 827 10⁶,

330 926 398 1005 pne
419 921 495 976 cunr
519 898 608 993 jube
629 899 850 991 peilinantur:
875 894 1036 969 hastarum
1054 898 1141 971 serro
1168 898 1190 996 (
1197 899 1273 995 a),
1296 921 1355 975 aut
1382 902 1457 994 pilis
1489 901 1568 999 (b)
1595 904 1740 980 insedisse
1762 912 1862 989 etiarn

332 1011 415 1080 viius
431 1000 489 1073 est.
541 996 599 1068 Est
618 996 672 1068 hic
689 997 773 1092 ignis
794 992 930 1066 fluidum
956 996 1142 1069 elediricum
1163 1020 1207 1070 err
1228 1003 1303 1071 acite
1326 1002 1506 1086 eledirico,
1531 1002 1566 1075 dt
1587 1005 1713 1095 capillis
1733 1008 1859 1084 elestri·

334 1110 381 1176 cis
402 1101 551 1174 frictione
574 1095 747 1177 aileilum,
772 1091 1017 1180 (irasciturum,
1042 1095 1181 1179 lucens,
1201 1092 1431 1190 &crepitanst
1456 1101 1548 1190 quod
1570 1124 1705 1193 quoque
1728 1127 1805 1177 cum
1826 1111 1864 1182 in

333 1206 409 1273 aire
432 1197 597 1278 abundat,
621 1194 765 1264 eret‘turn
788 1194 822 1263 in
847 1190 983 1262 sublime
1002 1190 1126 1265 ferrum
1152 1195 1359 1290 ingreditur,
1394 1194 1429 1266 dt
1454 1197 1485 1267 se
1506 1197 1563 1271 sub
1585 1200 1689 1272 forma
1712 1201 1860 1276 flammu-

335 1300 374 1371 1ae
398 1298 483 1389 apici
509 1292 671 1365 insidentis
692 1288 902 1381 spediandum
926 1289 999 1374 dat,
1026 1295 1074 1362 uti
1096 1291 1159 1363 hac
1178 1293 1367 1383 tempestate
1392 1314 1433 1365 err
1455 1297 1529 1366 aire
1551 1300 1585 1369 in
1602 1296 1721 1372 serrum
1735 1301 1861 1373 eleiiri·

333 1402 464 1469 citatem
480 1392 608 1463 allicere
629 1389 802 1461 novimus:
826 1387 917 1477 quod
934 1392 1067 1485 egregie
1096 1388 1191 1461 Nob.
1210 1390 1364 1463 Waitiius
1391 1391 1477 1488 (c),
1502 1388 1541 1465 δι
1563 1394 1664 1468 Miles
1689 1397 1765 1497 (d)
1790 1403 1861 1492 pri·

323 1499 379 1566 -mi
405 1491 550 1584 suspicati
574 1488 646 1562 sunt
665 1507 706 1560 err
729 1488 962 1577 experimentis
983 1487 1161 1580 eleaticis,
1185 1510 1260 1579 quae
1279 1511 1356 1562 cum
1377 1490 1473 1563 laude
1497 1491 1704 1567 uehementer
1726 1518 1862 1590 promo·

332 1610 456 1666 verunt.

385 1710 556 1787 MMDK
588 1708 841 1801 Nonnunquam
873 1707 911 1777 in
938 1705 1014 1778 aire
1042 1706 1143 1779 noslu
1172 1708 1325 1803 ingentes
1351 1709 1470 1782 nasius
1500 1710 1651 1784 luminosr
1682 1733 1863 1807 apparent,-

332 1815 438 1887 subito
465 1834 507 1884 ex
530 1832 599 1883 uno
623 1812 656 1879 in
686 1809 822 1880 alterurn
848 1799 959 1874 locum
985 1803 1108 1888 delati,
1133 1826 1218 1894 quos
1245 1808 1374 1902 ignatus
1397 1827 1579 1879 metrorum
1600 1809 1665 1881 eise
1684 1810 1863 1903 judicaret:

334 1916 391 2005 qui
416 1930 582 1981 tantuma
607 1906 745 1989 muscis,
770 1902 952 1975 catervatim
976 1902 1077 1972 no'dhr
1104 1899 1337 1985 volitantibus,
1363 1901 1540 1993 phosphori
1566 1903 1674 1976 lucem
1702 1911 1863 1982 exomni

333 2029 424 2102 parte
453 2008 601 2099 corporis
624 2001 882 2093 exspirantibus,
917 2000 1092 2070 oriuntur:
1124 1996 1226 2068 veluti
1248 2002 1281 2070 in
1312 1997 1402 2068 Italia
1423 1998 1671 2074 observaretunr
1694 2002 1860 2078 Vallisne·

335 2112 400 2179 rius
425 2104 491 2196 (e)
517 2099 553 2174 dr
578 2098 837 2180 Scheuchserus,
861 2095 1019 2186 quodque
1040 2098 1082 2165 ab
1106 2093 1312 2191 WillugbeJ'o
1336 2092 1373 2165 dr
1388 2093 1487 2183 Raro
1501 2096 1732 2187 confirmatur,
1755 2102 1861 2175 iden·

334 2203 453 2294 quein
477 2195 655 2268 Germania
678 2192 856 2265 observavi.
882 2191 940 2260 ct.
956 2189 1110 2260 Gleditsh
1138 2188 1200 2285 (f)
1226 2193 1259 2260 in
1278 2190 1455 2262 Gentiania
1478 2194 1559 2263 vidit
1580 2193 1733 2269 fonnicas
1760 2198 1859 2271 alatas

325 2299 418 2371 'resia
441 2298 475 2365 in
500 2295 600 2364 altum
623 2290 772 2359 volantes
793 2306 996 2376 componere
1021 2285 1191 2367 columnas
1214 2286 1403 2370 altissimas,
1432 2287 1617 2374 fumantes,
1650 2314 1764 2384 parurn
1795 2298 1861 2367 ob·

321 2394 459 2476 scuras,
487 2413 560 2481 quae
583 2381 742 2457 ineffabili.
767 2381 933 2454 celeritate
958 2381 1133 2455 hincinde
1157 2386 1377 2476 apparebant3
1404 2384 1530 2478 semper
1550 2387 1810 2477 adscendentes,
1834 2396 1862 2463 i·

333 2514 390 2563 mo
415 2488 502 2580 quast
528 2488 619 2575 supra
642 2481 770 2564 nubes,
794 2481 1001 2553 imitabantur
1023 2480 1186 2554 Auroram
1208 2482 1380 2569 Boream,
1413 2483 1576 2556 columnae
1603 2486 1685 2558 ultra
1720 2488 1862 2561 sentiro-

334 2609 402 2660 ram
430 2583 669 2676 perdurabant,
695 2598 785 2650 erant
811 2578 959 2651 diametri
983 2577 1125 2652 duorum
1151 2579 1295 2673 pedum,
1321 2583 1355 2654 in
1378 2580 1429 2652 his
1451 2582 1612 2654 columnis
1630 2582 1776 2657 sormicae
1791 2607 1862 2660 rec·

334 2706 366 2756 ta
388 2682 612 2774 adscendunt,
629 2675 906 2770 descenduntque.
932 2675 1055 2749 Insesla
1068 2677 1246 2750 admodum
1262 2679 1402 2749 lucentio
1424 2680 1547 2752 suntin
1573 2679 1685 2752 insulis
1704 2682 1860 2768 Antillis,

334 2782 414 2853 teile
440 2779 534 2851 Patre
559 2777 613 2847 dei
636 2773 782 2860 Terrae,
815 2795 851 2846 ut
875 2772 967 2847 &in
991 2772 1177 2846 Guatimala
1202 2777 1393 2863 Americae,
1421 2771 1457 2844 dr
1480 2777 1515 2846 in
1540 2775 1792 2867 Coronrandel,
1818 2781 1861 2851 de

334 2880 453 2968 quibus
478 2899 498 2947 e
522 2880 545 2947 't
566 2873 730 2945 Bottonus
750 2873 789 2944 in·
808 2870 986 2972 Pyroiogia
1008 2870 1298 2972 Topogtaphica,
1326 2874 1387 2967 qui
1413 2872 1563 2967 quedam
1595 2871 1768 2962 dissecuit,
1801 2876 1865 2947 alia

331 2975 420 3048 Mar.
441 2898 652 3068 Maffaighius.

380 3086 454 3182 Jarn
475 3085 517 3157 ad
535 3081 732 3180 fulgentiora
753 3100 900 3155 meteora
926 3101 1076 3179 pergam.

973 3300 1040 3387 De
1069 3301 1221 3390 Bulide.

383 3523 415 3620 ς.
439 3515 631 3593 ΜΜὉΧῙ.
665 3516 821 3589 Belidem·
837 3513 1040 3603 appellamus
1060 3513 1198 3606 globum
1227 3513 1396 3586 ardentem
1420 3533 1608 3608 magnum,
1639 3516 1754 3588 colore
1778 3516 1863 3611 saepe

336 3622 378 3693 ad
398 3621 530 3690 rubrum
551 3630 733 3707 vergente,
759 3608 952 3699 rapidiisrme
976 3628 1036 3699 per
1058 3611 1166 3680 adrem
1192 3609 1367 3694 delatum,
1396 3609 1589 3700 plerumque
1613 3609 1752 3700 aliquam
1785 3635 1862 3686 nnn.

337 3718 410 3789 darn
433 3711 604 3784 candidam
626 3706 701 3799 poll
718 3706 750 3776 se
766 3706 965 3787 trahentem,
991 3727 1088 3793 qua,
1104 3727 1167 3796 qua
1186 3726 1276 3798 parte
1295 3705 1399 3874 globo
1413 3705 1624 3788 adhaerescit,
1648 3704 1795 3797 ejusdem
1813 3709 1867 3780 la·-

337 3813 482 3886 ritudinis
496 3830 535 3879 ac
554 3806 674 3905 globum
688 3803 756 3884 eil,
781 3803 899 3874 deinde
925 3801 1036 3873 senfim
1066 3804 1271 3898 angustatur,
1356 3805 1389 3875 in
1415 3822 1552 3874 acumen
1577 3800 1721 3881 desinit,
1753 3804 1862 3903 longi·

338 3913 451 3982 tudine
471 3925 607 4001 quater,
626 3902 682 3976 vel
696 3903 873 3997 quinquies
889 3899 1082 3973 diametrum
1112 3900 1205 3999 gloffi
1233 3900 1380 3995 superata
1410 3895 1601 3974 Aristoteles
1630 3902 1776 3996 Capram
1799 3924 1860 3976 vo.

336 4029 404 4082 ‘²⁵
1596 4087 1859 4192 §.nunaut

408 4294 468 4377 (a)
486 4297 674 4379 senechu.
694 4292 765 4359 trae
787 4294 823 4357 L.
842 4311 868 4357 r.
892 4293 963 4374 capr
981 4309 1008 4358 r.
1591 4373 1596 4379 ·

410 4380 471 4456 (l)
491 4381 600 4440 Plinius
621 4375 697 4438 erist.
720 4378 791 4437 Nar.
812 4375 878 4436 Lib.
893 4391 922 4436 a.
942 4375 1015 4451 Cap.
1030 4386 1079 4447 37.
1101 4368 1192 4432 Cesar
1214 4367 1252 4429 de
1273 4370 1357 4432 Bello
1373 4367 1466 4433 hiric,
1487 4368 1576 4447 147.
1598 4365 1699 4431 uteros
1719 4366 1787 4431 Lib.
1809 4372 1858 4436 sis

480 4459 553 4533 Cap.
571 4476 598 4518 r.
638 4457 740 4516 bivine
759 4456 847 4514 tradit
872 4454 902 4513 ln
922 4453 1026 4516 Sicilia
1044 4450 1186 4513 militibus
1208 4450 1321 4525 aliquot
1340 4452 1469 4529 spicula,
1498 4451 1528 4511 ln
1552 4447 1687 4515 midinis
1706 4459 1803 4514 autem
1824 4450 1856 4517 iu

476 4552 561 4597 muto
579 4535 768 4596 circumeunti
790 4533 1107 4613 equiti,8cipiooem,
1127 4545 1214 4607 quem
1234 4546 1321 4591 mauu
1340 4544 1496 4603 tenuerat,
1511 4527 1613 4600 udde·
1674 4567 1679 4576 -

410 4609 467 4686 (c)
491 4614 685 4691 Abhandiu'ag
707 4630 766 4673 ron
789 4612 843 4673 der
863 4611 1057 4673 Eledlrlcitaet
1072 4609 1141 4686 'Cap
1162 4624 1190 4682 5.

411 4692 470 4771 (i)
491 4692 661 4769 Philosoph
687 4692 835 4753 Tmnsasr.
856 4694 913 4752 Ne.
931 4700 1000 4764 476.
1038 4691 1147 4754 Similia
1168 4688 1210 4750 est
1230 4688 1352 4752 historia
1370 4690 1508 4754 Susanna·
1523 4688 1638 4764 Semel,
1656 4691 1775 4770 quoties
1795 4687 1864 4753 hac

478 4771 577 4833 solitas
595 4769 688 4834 restes
708 4771 864 4838 induebat,
892 4769 1023 4831 scintilla
1042 4775 1133 4847 igneae
1153 4769 1392 4854 excutiebanturt
1413 4770 1604 4849 lmzresies,
1630 4787 1702 4854 quas
1726 4770 1853 4848 “aare

476 4865 538 4920 rat,
560 4852 596 4909 ab
617 4852 681 4911 aliis
702 4851 857 4919 concussa,
879 4849 1023 4912 scintillas
1036 4850 1212 4930 crepitantes
1230 4855 1408 4920 excitabant.
1481 4901 1485 4906 .

409 4926 467 5004 (a)
485 4930 642 5006 inopere
660 4930 794 5010 Tomy.
813 4947 880 5009 pag.
891 4934 943 5008 ds,
1484 4929 1488 4936 '

405 5003 462 5087 (s)
481 5001 628 5075 luirssou,
648 4993 822 5091 dai'hcad.
844 5006 881 5073 de
894 5007 1004 5077 Brriia.
1024 5011 1114 5078 Tam.
1125 5027 1157 5074 r.
1173 5025 1246 5092 paq,
1256 5026 1310 5096 47.
1409 5083 1412 5092 ¹
