4992 6767
684 697 1275 831 'nascaratro
1332 736 1634 833 ocutr.
1815 687 1936 910 (μ’,

1927 895 1935 924 l

403 957 407 965 '
462 941 627 1016 Postrema
657 955 732 1029 pars
752 932 939 1008 Scleroticae
971 934 1145 1009 craffilllma
1162 939 1367 1031 pertunditur
1382 938 1540 1013 foramine
1554 934 1749 1024 orbiculati,
1775 959 1844 1031 quo
1858 931 1933 1015 ner·=

403 1043 446 1117 »vl
473 1039 574 1133 optici
600 1033 806 1108 substrntiam
828 1033 1055 1124 medullarem,
1083 1041 1137 1128 pia
1158 1057 1258 1108 marre
1283 1040 1422 1109 cinnam
1445 1036 1486 1110 ad
1506 1041 1657 1109 interiora
1671 1035 1759 1111 oculi
1774 1041 1934 1111 transmit·

412 1144 469 1225 tit,
493 1156 603 1229 eoque
626 1133 707 1205 loco
723 1134 931 1234 nervl'oprici
948 1133 1142 1219 involucro,
1167 1156 1186 1205 a
1208 1134 1288 1206 dura
1308 1157 1409 1206 matre
1432 1154 1525 1223 orto,
1549 1134 1744 1209 adhaerescit.
1795 1134 1935 1209 lnterior

410 1233 596 1330 superficies
618 1230 774 1304 formatur
788 1250 829 1301 ex
845 1229 1016 1303 involucro
1042 1231 1145 1303 Nervi
1162 1235 1286 1325 optici,
1312 1233 1402 1323 quod
1426 1236 1489 1324 piae
1504 1236 1613 1303 matris
1631 1233 1697 1321 est,
1722 1234 1763 1306 ad
1778 1252 1934 1305 corneam

407 1354 513 1425 usque
545 1332 733 1424 procurrit,
765 1325 931 1420 aequabilis
966 1329 1069 1399 ubivis
1095 1328 1268 1415 craffitiei,
1301 1328 1383 1400 susci
1407 1329 1527 1400 coloris
1546 1330 1602 1400 ubi
1626 1330 1816 1404 choroidem
1837 1334 1935 1403 attin·

405 1436 455 1531 git
481 1429 576 1525 (a).
625 1428 832 1502 Antenorem
853 1424 941 1495 oculi
955 1444 1103 1517 partem,
1127 1447 1284 1519 quantum
1309 1426 1466 1518 speslarur
1493 1427 1594 1513 alba,
1629 1447 1696 1500 turn
1719 1426 1754 1500 bt
1779 1449 1933 1501 corneam

409 1526 606 1603 extrinsecus
638 1525 765 1619 obtegit
794 1523 1012 1608 membrana,
1047 1547 1119 1615 quae
1144 1525 1284 1599 Δίκαια
1309 1522 1361 1594 vel
1383 1526 1567 1621 Asiuginea
1591 1547 1752 1613 vocatur,
1785 1548 1858 1616 quae
1880 1547 1935 1596 ea·

403 1627 488 1699 dem
514 1624 560 1695 est
581 1644 619 1693 ac
642 1624 767 1693 interna
789 1619 1030 1713 palpebrarum3
1057 1641 1126 1692 turn
1153 1619 1358 1715 &periollei
1384 1623 1497 1693 orbitae
1520 1622 1591 1694 haec
1622 1623 1755 1695 oculum
1780 1621 1934 1715 periollio

410 1723 564 1817 marginis
588 1717 667 1790 oll‘ei
688 1720 802 1789 orbitae
824 1716 983 1811 adneslit,
1010 1740 1053 1790 ne
1073 1720 1201 1791 excidat
1223 1721 1260 1789 in
1274 1739 1475 1810 quocunque
1490 1741 1597 1811 prono
1612 1722 1725 1811 capitis
1742 1719 1817 1790 ficu:
1844 1739 1936 1789 cum-

410 1842 476 1915 que
510 1816 683 1912 pellucet,
714 1813 818 1904 sacit,
849 1832 884 1885 ut
909 1813 1027 1886 albedo
1052 1816 1239 1888 Scleroticae
1262 1836 1442 1908 appareat,
1474 1812 1509 1887 dt
1534 1815 1667 1889 Cornea
1689 1815 1853 1908 pellucida
1868 1835 1937 1901 mar

399 1936 495 1990 neat.
626 1964 631 1974 -

459 2010 670 2108 Quamquam
697 2010 831 2082 Cornea
853 2008 1013 2103 pellucet,
1039 2033 1107 2084 non
1133 2010 1242 2084 differt
1267 2030 1286 2079 a
1309 2009 1503 2084 Sclerotica:
1530 2013 1625 2108 origo
1653 2010 1786 2102 quidem
1803 2030 1936 2082 comere

411 2129 560 2183 accurate
577 2130 644 2178 non
663 2107 771 2199 potest
786 2108 1010 2192 determinari,
1036 2106 1089 2180 sed
1108 2111 1197 2182 fibrae
1215 2107 1402 2180 Scleroticae
1417 2109 1520 2193 albae,
1536 2130 1667 2200 opacae,
1684 2110 1934 2197 corneaeproxi·

406 2230 470 2279 mae
491 2205 645 2297 paulatim
663 2208 696 2278 in
709 2205 905 2295 pellucidam
923 2204 1089 2277 Corneam
1108 2205 1269 2278 transeunt
1287 2210 1302 2296 (
1312 2207 1366 2289 b).
1418 2205 1642 2295 Componitur
1655 2204 1788 2274 Cornea
1803 2225 1844 2273 ex
1862 2203 1935 2293 plu·

406 2306 495 2378 rlmis
520 2300 681 2387 lamellis,
707 2304 793 2371 inter
822 2323 902 2390 quas
924 2300 1093 2367 substantia
1113 2302 1158 2370 est
1176 2297 1356 2381 cellulosa,
1390 2320 1464 2389 quae
1487 2301 1624 2371 multum
1646 2321 1737 2389 aque
1761 2299 1936 2391 pellucidae

393 2403 564 2473 conduct.
627 2397 689 2466 Est
711 2399 746 2465 in
768 2395 852 2465 foetu
874 2393 978 2463 multo
1000 2394 1158 2479 craffior,
1182 2413 1283 2486 quam
1307 2395 1340 2466 in
1361 2396 1486 2468 adulto.

445 2524 491 2623 «Β.
516 2518 777 2597 MDCCCLV.
801 2519 934 2591 Cornea
946 2520 1018 2592 nn
1034 2522 1080 2593 ell
1097 2522 1298 2619 segmentum
1315 2522 1461 2617 sphaere,
1472 2522 1561 2615 cujus
1577 2525 1732 2598 diameter
1740 2523 1787 2594 eil
1793 2521 2001 2632 plerum-131„
2015 2551 2082 2611 aaa·

401 2691 481 2764 “1¹¹e
507 2688 556 2763 7³
581 2668 632 2740 vel
657 2629 731 2791 ΓΞ
766 2666 818 2738 Vel
843 2629 923 2776 77}
953 2667 1012 2738 lin·
1037 2667 1129 2760 parii.
1155 2670 1223 2762 ejus
1237 2669 1360 2742 chorda
1383 2670 1429 2741 est
1456 2689 1498 2763 5,
1527 2638 1625 2793 ⁵⁶2³
1652 2640 1729 2783 5÷
1762 2670 1819 2744 lin,
1845 2623 2001 2767 ΜΨ·
2020 2632 2059 2670 ¹²·
2122 2779 2126 2786 υ

400 2817 563 2889 crallrries
585 2816 781 2886 membranae
806 2813 852 2883 est
867 2782 1119 2923 plerumqueffi
1144 2816 1194 2887 vel
1219 2784 1260 2926 ᾗ
1287 2816 1344 2890 lin.
1368 2836 1502 2891 notame
1526 2817 1635 2890 Petito
1661 2816 1680 2909 (
1713 2816 1745 2909 ).

398 2969 402 2976 “
446 2958 575 3056 'Figura
596 2955 739 3030 Corneae
750 2957 791 3028 'in
808 2951 891 3027 facie
906 2960 1050 3028 interiori
1067 2960 1211 3031 aliterse
1238 2964 1338 3034 habet
1357 2985 1455 3051 quarn
1476 2967 1508 3034 in
1531 2964 1613 3034 facie
1630 2964 1800 3034 exteriori:
1826 2949 1939 3036 intrin-

401 3062 500 3132 ‘secus
516 3060 602 3127 enim
630 3054 786 3126 circulum
801 3053 926 3144 semper
941 3054 1165 3144 repraesentat,
1190 3057 1282 3149 cujus
1300 3060 1456 3128 ambitum
1474 3057 1578 3128 sulcus
1592 3058 1724 3150 quidam
1740 3059 1875 3143 delinit,
1901 3080 1939 3133 ιιι

409 3173 557 3228 accurate
580 3154 718 3222 limitem
743 3153 833 3250 inter
852 3151 1018 3220 Corneam
1036 3149 1072 3221 'dt
1087 3151 1298 3225 Scleroticam
1314 3152 1500 3224 intrinsecus
1515 3171 1639 3244 ponat,
1663 3155 1716 3224 cui
1732 3153 1822 3225 sulco
1831 3159 1937 3251 ⁴nigro

399 3253 520 3324 colore
545 3253 726 3342 aproxima
751 3247 937 3317 Scleroticae
965 3254 1055 3337 part'e
1075 3249 1251 3343 didinilo,
1278 3250 1366 3322 in'dis
1383 3248 1508 3339 lemelia
1522 3251 1665 3322 aiiterior
1680 3249 1854 3337 accrescit,
1879 3251 1938 3322 ubi

399 3350 526 3422 -lamina
548 3349 682 3418 interior
708 3343 914 3433 Scleroticae,
939 3366 1013 3434 quae
1035 3345 1080 3415 est
1101 3349 1163 3437 piae
1185 3350 1295 3419 matria
1316 3367 1488 3441 propago,
1513 3346 1657 3418 definere
1686 3346 1814 3420 videtur
1840 3346 1934 3442 (d).

451 3470 483 3567 p.
508 3461 782 3541 MDCCCLV-l.
798 3466 877 3539 -'Sub
903 3469 1080 3539 Sclerorica
1104 3470 1188 3561 jacet
1212 3475 1321 3542 tunica
1348 3469 1548 3554 Choroides,
1573 3492 1647 3560 que
1673 3470 1720 3541 est
1733 3472 1862 3559 mollis,
1887 3492 1936 3544 te·

396 3571 576 3648 ··nerrima,
607 3567 686 3635 vairs
709 3563 885 3655 plenissima
917 3560 952 3632 dt
978 3564 1040 3633 tela
1063 3566 1246 3649 cellulosa,·
1271 3570 1374 3637 orimr
1406 3567 1447 3634 ab
1464 3569 1554 3636 omni
1577 3567 1700 3636 ambitu
1722 3572 1811 3638 nervi
1830 3565 1935 3659 optici

395 3686 485 3736 cum
506 3663 639 3734 oculum
654 3664 770 3744 intrat,
795 3655 830 3730 δι
855 3660 1264 3733 concentricaScleroricae
1281 3661 1441 3753 usquead
1459 3663 1620 3757 originem
1639 3659 1783 3734 Comere
1799 3685 1934 3753 procur·

397 3765 467 3846 rit,
482 3782 556 3831 cunt
573 3754 724 3829 cellulosa
744 3757 805 3825 tela
823 3753 858 3825 δι
873 3755 1005 3826 vasculis
1020 3755 1236 3828 adbaerescens
1253 3757 1455 3830 Seleroticaet
1474 3779 1548 3830 nam
1566 3759 1628 3828 tela
1646 3756 1798 3830 cellulosa
1813 3779 1933 3833 utram·

432 3880 474 3927 ue
499 3859 641 3927 tunicam
668 3851 855 4017 conjunp't:
879 3873 946 3940 quo
971 3855 1106 3942 propius
1122 3852 1296 3927 choroi'des
1312 3855 1354 3924 ad
1374 3853 1488 3926 iridem
1504 3854 1611 3940 vadit,
1635 3875 1679 3928 eo
1698 3855 1811 3949 majori
1833 3879 1876 3929 co
1900 3859 1932 3930 ia

394 3881 519 4025 'aciem
534 3970 709 4023 'extemam
736 3948 786 4020 cel
800 3947 887 4019 alosa
910 3949 1055 4044 obtcg't,
1081 3943 1116 4020 dt
1144 3954 1302 4023 continuo
1323 3954 1415 4023 audie
1439 3950 1548 4021 album
1572 3951 1754 4038 circulum,
1779 3957 1835 4047 qui
1864 3881 1931 4027 (ςι-

393 4050 530 4121 -biculus
554 4048 677 4120 ciliaris
693 4045 826 4128 dicitur,
850 4037 959 4115 efficit.
1011 4043 1202 4135 Superficies
1229 4048 1408 4119 Choroidis
1429 4050 1554 4117 interna
1568 4048 1613 4116 eil
1629 4049 1716 4119 lavis
1729 4052 1771 4121 ab
1789 4051 1930 4147 ingrell'u

402 4151 490 4219 nervi
507 4149 609 4236 optici
624 4144 666 4216 ad
682 4145 843 4238 originem
858 4144 1007 4233 corporis
1021 4144 1140 4213 eiliaris
1157 4166 1277 4232 usque:
1305 4146 1415 4214 retinae
1434 4146 1476 4212 ita
1491 4144 1670 4223 incumbit,
1696 4164 1731 4211 ut
1743 4143 1790 4214 illi
1806 4149 1929 4236 ubique

401 4244 438 4314 fit
460 4247 633 4340 contigua,
660 4261 768 4333 neque
793 4238 861 4312 ullo
885 4238 986 4331 spatio
1001 4237 1158 4328 diremra,
1184 4241 1355 4332 ambaeque
1371 4241 1486 4310 tunicae
1503 4234 1695 4309 exaaiffine
1709 4236 1831 4330 ubique
1846 4261 1928 4314 con·

397 4368 403 4372 ·
444 4363 527 4413 uant.

401 4363 642 4530 grSuperlicier
664 4455 798 4508 externa
820 4430 856 4508 dt
880 4435 1006 4505 interna
1025 4429 1192 4522 choroidis
1205 4435 1238 4505 in
1255 4432 1367 4506 adulto
1392 4455 1432 4506 ex
1447 4435 1547 4508 mbm
1565 4433 1657 4507 fusca
1680 4432 1806 4527 semper
1827 4456 1925 4529 appa·

393 4555 461 4608 ret.
508 4534 717 4606 Extrinsecus
737 4531 893 4606 choroidi
916 4530 1030 4604 inlidet
1052 4535 1183 4605 materia
1211 4534 1323 4631 nigra,
1355 4555 1430 4628 qaae
1452 4531 1572 4631 digitos
1590 4535 1828 4616 contredlaates
1854 4556 1924 4609 non

1050 4699 1052 4704 .
1871 4652 1923 4706 m·

475 4788 535 4865 (a)
556 4789 630 4850 Zinn
653 4790 688 4850 de
709 4791 807 4854 Oculo
827 4792 898 4871 (lep.
923 4806 950 4852 r.
971 4792 1036 4872 pri.
1060 4797 1108 4857 nl

479 4868 634 4944 (onina
657 4869 810 4931 deOculo
849 4887 965 4948 2519.

397 5011 401 5018 ,
476 4948 513 5025 (c
553 4888 855 5042 Ljillspdel’llord
875 4953 956 5034 ileu·
978 4954 1033 5022 Δο.
1053 4956 1152 5034 tm
1461 5033 1464 5038 ,
1524 5031 1528 5036 ,

395 5079 404 5093 .
475 5028 490 5108 s
554 5021 967 5111 znndeoauopaw.
1123 5107 1156 5184 c
1312 5053 1329 5090 ο
1490 5037 1495 5057 ·
