4992 6767
865 676 1007 769 uu
1147 679 1501 794 noun
1783 645 2049 806 'rra¹

404 937 468 1010 aa
497 936 578 1009 vires
608 881 683 1001 snut
716 924 824 1000 multo
853 922 1020 1018 majores:
1063 923 1183 998 metalli
1218 881 1277 1036 fg}
1308 925 1391 1022 poll.
1424 927 1513 1001 crassi
1552 925 1684 1000 finnitas
1713 928 1775 1002 l'uit
1807 937 1941 1028 aequalis

411 1081 538 1172 22893.
565 1077 672 1149 libris:
698 1075 755 1148 sed
779 1075 827 1150 vis
848 1073 965 1171 glaciei
988 1074 1022 1146 in
1046 1073 1168 1167 pollice
1197 1073 1354 1170 sphaerico
1380 1077 1412 1148 se
1437 1076 1682 1170 quoquoversus
1704 1082 1739 1152 in
1758 1081 1936 1157 rotundum

348 1255 354 1268 ,
408 1177 596 1270 explicantis
622 1175 668 1289 eli
698 1173 801 1289 duplo
816 1172 948 1286 major}
981 1171 1032 1285 eii
1059 1172 1142 1288 haec.
1155 1177 1244 1288 enim
1276 1174 1317 1244 ad
1351 1177 1542 1262 adiuuem,
1567 1175 1632 1288 qui
1656 1175 1799 1291 separare
1824 1181 1936 1294 nititur

401 1273 665 1444 illini}
681 1270 793 1444 ili
814 1266 1364 1459 lizil‘llllxillpllil*
1384 1272 1934 1469 {listelld‘lllllillle

402 1473 481 1614 '573⁸-
512 1515 629 1590 12750
657 1521 694 1612 ²².
710 1470 789 1612 ᾆῗ.
817 1493 952 1605 α9893.
971 1488 1062 1607 Nam
1084 1490 1250 1606 fimtitates
1274 1489 1396 1606 isthoc
1410 1491 1495 1608 ‘casu
1518 1491 1590 1609 sunt
1606 1496 1655 1566 uti
1675 1494 1931 1611 quadmtncrat·

399 1590 1220 1787 iliilrpllnlitltmilislll?
1245 1587 1378 1777 ltili
1404 1589 1931 1783 iiiimxiiii&

401 1787 661 1960 &quecunque
681 1786 833 1887 repagula
855 1785 974 1882 frangit
997 1780 1030 1882 5.
1060 1785 1163 1878 1467.
1189 1782 1282 1875 quod
1316 1786 1349 1856 in
1382 1784 1520 1880 glaciem
1546 1805 1700 1859 concreta
1724 1786 1820 1859 etiam
1848 1808 1932 1880 pte·

446 2009 479 2108 5.
504 2007 811 2086 Mccccxcv.
836 2005 965 2080 Glaciei
985 2008 1117 2080 durities
1147 2003 1257 2079 differt
1279 2028 1341 2100 pto
1370 2005 1550 2080 intenlitate
1574 2006 1724 2106 fiigoris3
1749 2006 1859 2081 mollis
1885 2009 1932 2082 est

401 2112 436 2181 in
459 2107 578 2204 Belgio
603 2109 749 2202 respectu
775 2107 843 2200 ejus
867 2128 941 2197 quae
969 2105 1164 2202 Spitsbergae
1190 2104 1261 2191 esta
1295 2108 1342 2177 uti
1368 2125 1410 2176 ex
1441 2104 1559 2177 casura
1584 2105 1759 2201 colligitur.
1811 2105 1932 2197 Cylin-

402 2206 451 2278 dri
498 2205 638 2291 lacialis,
662 2208 716 2277 cui
742 2206 900 2278 diameter
925 2222 992 2274 erat
1023 2224 1052 2276 1.
1077 2203 1159 2294 poll.
1183 2201 1357 2298 longitudo
1386 2225 1416 2274 r.
1441 2202 1552 2293 pedis,
1577 2203 1710 2273 firmitas
1730 2224 1749 2272 a
1774 2200 1931 2278 Mairano

399 2305 433 2374 in
512 2301 566 2373 llia
589 2302 777 2395 explorata,
801 2321 950 2372 extremo
975 2318 1116 2390 utroque
1139 2298 1249 2371 fulcris
1273 2300 1425 2390 impolito
1446 2299 1577 2390 pondus
1598 2320 1639 2370 ex
1655 2298 1767 2369 medio
1782 2300 1931 2392 pendent

399 2398 551 2472 librarum
573 2399 689 2470 decem
717 2420 794 2469 cum
819 2395 941 2468 semisse
966 2415 1090 2466 tantum
1113 2394 1237 2491 fregit,
1272 2395 1451 2486 Cylindrus
1472 2397 1581 2468 similis
1607 2415 1648 2467 ex
1668 2395 1745 2468 albo
1766 2415 1929 2470 mannate

399 2515 511 2590 ruptus
532 2494 594 2567 suit
615 2517 635 2564 a
658 2495 750 2565 libris
774 2494 961 2588 octuaginta
985 2513 1125 2583 quatuor
1148 2513 1190 2562 ex
1214 2493 1325 2563 medio
1350 2491 1513 2585 suspenfis.

448 2616 480 2713 §.
504 2613 835 2689 MCCCCXCVI.
869 2613 1021 2684 Glaciem
1048 2616 1111 2685 elle
1139 2615 1299 2687 elaslicam
1327 2620 1473 2689 miranda
1505 2620 1730 2692 observatione
1759 2623 1928 2708 constitit,

399 2733 478 2788 cunt
498 2712 592 2782 cultri
617 2714 725 2794 leves,
750 2713 784 2781 in
808 2712 936 2799 apicem
957 2709 1136 2780 defluentes
1172 2710 1388 2805 iungebantur
1411 2715 1501 2784 lateri
1529 2715 1645 2808 glaciei
1668 2718 1846 2790 admodum
1871 2719 1932 2790 du-

401 2830 461 2892 ro,
487 2808 632 2878 diametri
658 2832 693 2897 4.
716 2805 861 2897 pedum,
887 2803 992 2874 laxata
1013 2825 1110 2874 manu
1136 2805 1223 2875 enim
1245 2806 1489 2896 expellebantur
1505 2811 1546 2880 ad
1570 2809 1750 2881 distantiam
1775 2837 1810 2901 4.
1827 2813 1879 2883 vel
1898 2834 1931 2905 5.

397 2903 540 2997 pedum:
567 2903 665 2974 latete
690 2899 832 2972 molliori
852 2898 972 2995 glacies
989 2919 1066 2970 eum
1090 2899 1243 2971 edesium
1267 2923 1336 2973 non
1361 2904 1428 2975 edit
1452 2904 1530 2976 telle
1551 2904 1679 2978 Bettier
1703 2907 1724 3001 (
1763 2908 1796 3001 ).

447 3034 480 3125 ᾗ
506 3026 850 3106 MCCCCXCVlI.
884 3024 1018 3097 Glacies
1049 3024 1194 3115 exposita
1218 3025 1309 3104 adri,
1341 3047 1411 3116 quo
1435 3046 1583 3118 tempore
1607 3028 1717 3124 gelat,
1743 3051 1819 3102 cum
1847 3052 1933 3124 pon.

399 3133 484 3205 deris
499 3132 709 3201 decremento
733 3137 910 3218 perpetuo·
921 3141 1027 3215 partes
1047 3121 1205 3212 exspirat,
1232 3120 1323 3210 quod
1340 3121 1419 3192 olim
1435 3122 1557 3194 Plinius
1572 3129 1696 3195 notavit
1720 3125 1811 3218 (b).
1860 3127 1933 3198 cu.

400 3232 462 3303 bur
488 3247 625 3319 quatuor
647 3224 833 3306 unciarum,
856 3222 1003 3293 saviente
1027 3217 1124 3314 gelu,
1149 3217 1251 3309 spatio
1272 3218 1385 3313 viginti
1405 3238 1545 3310 quatuor
1559 3218 1711 3292 horarum
1727 3224 1836 3317 granis
1851 3245 1931 3315 qua.

401 3347 475 3400 tuot
500 3325 602 3395 levior
628 3322 734 3393 erait.
793 3317 927 3389 Molem
952 3316 1068 3411 glaciei
1105 3314 1158 3385 18.
1191 3313 1330 3404 pollices
1361 3314 1457 3386 altam
1487 3318 1633 3408 quinque
1658 3317 1784 3389 diebus.
1799 3338 1930 3414 o,277.

399 3422 526 3516 pollicis
552 3422 698 3511 partein
724 3415 896 3486 altitudine
920 3409 1094 3483 decrevilse
1115 3410 1191 3481 vidi.
1239 3409 1437 3481 Permultius
1459 3432 1599 3502 quatuor
1623 3413 1738 3507 glaciei
1762 3414 1860 3488 libras
1879 3420 1929 3488 in.

401 3541 448 3592 tra
472 3518 658 3589 octodecim
687 3515 756 3583 dies
785 3511 917 3602 pondus
937 3509 1028 3579 librae
1050 3505 1183 3578 amisrlle
1217 3504 1454 3596 deprehendit:
1491 3505 1646 3577 Krafftius
1669 3509 1829 3604 glaciem,
1854 3535 1929 3604 quae

399 3619 522 3688 cubum
545 3633 673 3683 aeneum
698 3608 827 3698 pollicis
854 3609 950 3675 unius
981 3603 1150 3693 implens,
1185 3597 1219 3672 dt
1249 3601 1406 3691 ponderis
1435 3621 1563 3694 293,5.
1595 3625 1769 3699 granorum
1799 3609 1928 3697 fuerat,

399 3732 551 3800 tempore
579 3709 636 3777 28.
661 3706 787 3774 dierum
821 3698 988 3791 exspirasse
1023 3718 1105 3791 115,
1119 3717 1152 3790 5.
1193 3718 1291 3792 grana
1324 3696 1501 3770 observavit
1532 3699 1619 3794 (c).
1675 3701 1757 3772 Ideo
1787 3708 1868 3776 nivis
1892 3709 1927 3780 in

399 3829 518 3880 terram
549 3803 696 3874 deciduae
709 3852 723 3889 ,
755 3797 790 3870 dt
821 3798 918 3868 calles
949 3796 1058 3887 plures
1089 3796 1287 3878 obruentis,
1327 3793 1403 3889 gelu
1426 3796 1552 3887 aliquot
1576 3799 1691 3869 diebus
1712 3800 1928 3891 perdurante,

397 3905 450 3977 vel
475 3901 510 3973 dt
537 3906 756 3981 increscente,
780 3915 915 3986 propter
940 3911 1117 3984 perpetuos
1141 3890 1309 3963 evolantes
1330 3891 1514 3977 anhelitus,
1539 3896 1573 3965 in
1594 3916 1685 3966 auras
1710 3919 1827 3993 magna
1850 3921 1925 3990 pars

399 4002 579 4074 euanescit:
610 3997 627 4064 d
659 3995 736 4066 Sole
762 3994 848 4062 enim
878 3992 1037 4061 continuo
1073 4008 1180 4080 partes
1215 3986 1319 4060 malle
1356 3988 1521 4072 laxantur,
1547 3992 1730 4078 solvuntur,
1755 4000 1925 4070 excutiun-

401 4121 472 4180 tur,
498 4093 533 4166 &
560 4114 623 4163 una
646 4112 720 4162 cum
736 4092 815 4183 igne
837 4087 1000 4157 radiorum
1020 4086 1176 4170 avolant,
1209 4086 1370 4156 stventus
1394 4083 1584 4172 accesserit,
1616 4092 1723 4182 majus
1747 4091 1852 4166 adhuc
1878 4095 1925 4167 eli

401 4193 550 4266 nivalium
580 4185 615 4261 δι
645 4185 826 4284 glacialium
852 4186 989 4276 partium
1022 4182 1297 4253 decrementum:
1335 4184 1479 4273 inprimis
1514 4204 1581 4273 quo
1611 4205 1725 4255 ventus
1750 4185 1926 4262 fueritve.

401 4291 597 4361 hermentior:
623 4287 699 4379 quia
721 4305 789 4354 tum
820 4280 987 4353 celerrime
1009 4280 1165 4371 quicquid
1186 4280 1309 4370 incepit
1328 4279 1486 4366 exhalari,
1512 4303 1530 4350 a
1554 4280 1658 4377 glacie
1678 4285 1860 4370 avertitur,
1885 4289 1924 4359 fi.

400 4387 556 4458 multum
571 4384 716 4478 partibus
730 4404 804 4473 quae
822 4379 893 4450 sunt
910 4380 944 4448 in
968 4375 1147 4468 superficie.
1195 4373 1396 4468 Evaporatio
1412 4376 1528 4472 glaciei
1541 4379 1586 4449 eli
1605 4381 1766 4466 maxima,
1792 4385 1926 4473 quando

400 4483 516 4582 glacies
546 4484 661 4574 incipit
688 4479 822 4553 formati
838 4528 849 4565 ,
865 4571 867 4577 Ι
885 4476 961 4569 quia
992 4495 1061 4547 tum
1091 4496 1167 4549 cum
1199 4474 1277 4571 igne
1309 4471 1457 4548 avolante
1489 4476 1599 4550 multae
1623 4497 1730 4569 partes
1755 4479 1867 4575 Aquae
1890 4486 1925 4556 in

474 4777 535 4863 (a)
554 4786 664 4848 L’iilst.
690 4787 726 4847 de
747 4785 858 4848 l’Acad.
881 4787 960 4862 Roy.
983 4784 1035 4845 Aa.
1060 4789 1146 4859 ¹748·
1167 4803 1233 4865 pag.
1254 4787 1306 4861 aa'

476 4867 669 4942 (bll’liuiua
690 4868 727 4927 H.
747 4867 835 4925 N.L.
860 4881 906 4938 31.
929 4867 963 4927 C.
986 4879 1013 4937 3·
1142 4877 1180 4940 ,¹
1316 4929 1320 4936 ,

474 4947 534 5026 (c)
555 4941 697 5010 Krtfftlut
719 4943 756 5006 de
776 4946 925 5024 vaporum
945 4939 1060 5020 origiue
1080 4935 1106 5022 2
1131 4957 1178 5050 xz.
1194 4957 1207 5022 J

1111 5013 1417 5153 ''G'xax'a¹
1600 5039 1604 5044 ’
