4992 6767
794 713 862 797 aa·
922 699 983 793 n‘
1080 707 1124 793 s
1204 707 1246 794 o
1328 712 1378 797 N
1459 714 1511 802 ο.
1828 723 1936 832 ,qs-1

397 911 593 990 Mersennus
606 911 640 981 in
651 902 874 990 ·Harmo'nlca,
894 900 1073 974 ·llircherus
1085 899 1326 998 in-Musurgia,
1343 879 1535 978 Bulotus-in
1558 903 1745 980 Tentamin.
1763 911 1916 1001 muficae,

399 1012 504 1088 Smith
535 1001 750 1089 llarinonics,
776 1002 933 1092 multique
951 999 1009 1070 alii·
1026 1001 1387 1091 praeliantesauelores.
1494 1047 1497 1052 .
1561 1013 1609 1072 ·.·
1681 1003 1711 1042 ·.·.
1777 1033 1780 1042 .

446 1135 476 1232 §.
504 1128 751 1203 MMLXVlll.
777 1127 941 1218 Oportet,
965 1125 1152 1195 utbreviter
1169 1145 1255 1196 nunc
1274 1127 1457 1213 videamus,
1483 1128 1654 1220 quomodo
1673 1129 1770 1204 sonus
1788 1132 1821 1202 in
1837 1133 1917 1205 a'e're

399 1236 572 1313 excitatus,
598 1228 746 1299 audiatur
766 1225 809 1295 ab
824 1224 975 1296 bomine:
1001 1221 1035 1292 id
1056 1220 1399 1314 autumnumque,
1423 1226 1643 1298 niuhunaanae
1659 1233 1743 1300 auris
1758 1229 1913 1302 fabricam

401 1349 623 1420 exponamus,
648 1325 765 1409 ueluti,
783 1321 941 1408 ¹atilionem
957 1316 1196 1410 explicaturus,
1222 1317 1537 1413 oculumdescripfi..
1573 1323 1916 1422 Inhuqcfinemfigu.

402 1448 468 1506 rana
482 1420 675 1514 exValsalua
689 1417 871 1514 deprontfi,
898 1420 930 1488 in
949 1438 1013 1508 qua
1026 1415 1124 1486 unico
1141 1415 1230 1505 quasa
1244 1420 1363 1488 intuitu
1377 1421 1589 1490 omnia-inter
1603 1419 1796 1500 se;eonnexa
1807 1426 1916 1496 :videri

401 1519 551 1614 poliunt,
576 1519 699 1614 reliqua
719 1537 760 1588 ex
783 1507 842 1586 Du
859 1513 1036 1599 Vernepo,
1061 1533 1130 1583 tuna
1155 1533 1196 1582 ex
1211 1517 1367 1602 operibus
1383 1513 1529 1599 Albini,
1542 1519 1599 1605 qui
1612 1519 1828 1591 immortalem
1844 1519 1918 1614 glo-

400 1624 479 1692 riam
504 1618 692 1690 dexteritate
714 1610 924 1706 admiranda,¹
945 1603 1183 1698 &inimitabili
1206 1614 1411 1681 accuratione
1432 1617 1641 1702 comparavit.
1698 1671 1701 1676 .
1894 1681 1897 1686 ,
1926 1673 1930 1680 .

448 1711 536 1786 Duae
557 1712 683 1804 homini
708 1707 780 1782 sunt
801 1729 919 1791 autes,
939 1706 1080 1804 ¹utrique
1106 1705 1220 1793 capitis
1241 1702 1332 1774 lateri
1355 1707 1396 1776 ad
1422 1707 1488 1777 ossa
1513 1708 1717 1801 Temporum
1742 1714 1928 1804 appetita,

402 1835 445 1886 eo
465 1811 590 1894 modo,
616 1829 652 1882 ut
674 1810 860 1900 quicunque
876 1805 971 1902 sonus
985 1799 1028 1871 ad
1042 1821 1140 1894 caput
1157 1802 1300 1883 venerit,
1327 1801 1502 1872 necessario
1526 1804 1708 1880 alterutram
1732 1812 1783 1880 vel
1802 1831 1921 1884 utram.

403 1932 468 2001 que
493 1929 603 1979 aurem
627 1904 720 1976 feriat
739 1954 751 1988 ,
770 1897 819 1976 'de
845 1897 1053 1998 ingrediatur.
1125 1893 1184 1965 Est
1206 1895 1375 1966 discrimen
1400 1896 1493 1988 hujus
1515 1907 1629 1993 organi
1654 1905 1688 1972 in
1712 1905 1921 1981 animalibus:

401 2008 436 2078 in
471 2005 612 2077 Lacerto
636 2001 683 2073 eil
708 2003 832 2098 sgnum
845 1995 1006 2072 'auriculae
1027 2012 1193 2066 externae:
1227 1989 1282 2062 sed
1306 1989 1406 2063 multa
1430 1995 1503 2064 sum
1526 1995 1650 2084 absque
1668 2019 1745 2070 aure
1768 2021 1929 2088 externa-,¹

401 2106 448 2175 uti
477 2093 723 2185 Rana,.'Buso,
750 2097 868 2168 Pisces.
1012 2173 1015 2180 ,
1066 2145 1070 2160 ,
1867 2109 1930 2146 ..ι

448 2220 487 2390 ἃ.
516 2217 798 2292 mmccuxix.
824 2217 883 2290 Est
905 2216 1073 2290 substantia
1099 2216 1230 2302 propria
1254 2231 1397 2284 extumo
1417 2218 1502 2282 auris
1523 2215 1755 2306 cartilaginea,
1792 2222 1928 2305 tenuis,

397 2321 447 2391 ela
474 2323 544 2394 ica,
568 2339 605 2385 ut
626 2316 778 2384 beiliime
799 2313 943 2379 ab'airis
963 2309 1057 2375 undis
1077 2311 1110 2376 in
1137 2325 1293 2375 tremores
1316 2312 1517 2378 concitetur:
1549 2315 1744 2382 membranis
1767 2313 1922 2383 extrinse-

396 2438 456 2487 cus
481 2412 678 2490 obducitur,
702 2427 745 2474 ne
770 2404 840 2475 soni
854 2405 1045 2472 continuato
1068 2421 1210 2471 tremore
1231 2402 1373 2496 clangori
1399 2407 1561 2475 evadant:
1586 2410 1618 2475 in
1635 2397 1924 2496 superstcieexter·¹

353 2514 367 2532 '
399 2535 442 2583 na
467 2508 535 2580 AB
562 2506 634 2575 sunt
660 2500 827 2572 nonnullae
848 2500 1053 2578 eminentie,
1079 2494 1114 2565 dt
1130 2499 1303 2585 cavitates,
1329 2521 1413 2590 aptae
1429 2504 1610 2590 capiendo,
1634 2503 1860 2592 reficerem,
1886 2495 2088 2600 &maturas

401 2609 462 2676 diri
487 2601 574 2670 endo
590 2600 670 2671 sono
687 2600 718 2668 in
736 2596 922 2688 concham,
938 2617 979 2666 ne
996 2592 1180 2674 laberetur,
1196 2614 1293 2683 atque
1309 2618 1446 2682 erraret,
1472 2603 1656 2692 priusquam
1673 2602 1779 2673 senius
1795 2604 1836 2675 ab
1854 2604 1920 2677 boc
1947 2581 1983 2631 ¹“
2014 2592 2024 2615 ⁸

401 2627 511 2795 pullus
537 2696 632 2767 esset:
659 2693 763 2788 potest
788 2713 922 2784 quoque
947 2711 1013 2782 ope
1034 2689 1250 2760 musculorum
1277 2695 1477 2762 intemorum
1498 2693 1755 2771 &externorum
1780 2683 1856 2794 (ι)
1879 2704 1925 2774 ita

402 2795 514 2878 tendi,
540 2793 702 2882 expandi,
727 2789 912 2881 applanari,
938 2809 973 2860 ut
999 2789 1249 2878 quibuscunque
1275 2789 1488 2872 tremoribus,
1504 2785 1541 2857 'dt
1563 2794 1648 2862 sonis
1661 2801 1848 2884 capiendis,
1872 2797 1927 2870 vel

401 2885 616 2983 aliquomodo
641 2887 809 2971 arcendis,
833 2906 979 2974 aptetur,
1005 2881 1041 2954 δι
1063 2905 1137 2970 cum
1160 2886 1198 2955 iis
1223 2886 1319 2956 etiam
1341 2884 1530 2975 ltannonice
1550 2887 1786 2961 contremiseet.
1840 2933 1843 2938 -

411 3091 413 3100 .
452 3033 484 3134 ς.
517 3028 783 3102 MMCCLXX„
821 3032 858 3100 ln
881 3034 984 3103 fundo
1009 3031 1157 3102 Concbae
1189 3033 1247 3102 sub
1272 3031 1384 3125 Trago
1406 3030 1616 3124 cartilaginea
1641 3035 1675 3105 C
1699 3038 1813 3127 incipit
1837 3039 1925 3110 ritea-

400 3179 669 3264 tusauditorius,
695 3177 847 3270 ellipticae
869 3176 1003 3274 figurae,
1029 3174 1119 3267 cujus
1137 3179 1289 3267 'apertura
1303 3177 1496 3268 plerumque
1511 3175 1557 3244 est
1582 3146 1648 3298 53'51
1672 3182 1829 3254 linearum
1845 3205 1926 3274 que-

402 3332 561 3402 dratarum
586 3326 746 3418 pollicis,
781 3320 1068 3420 &magnitudinis
1094 3320 1238 3411 respesin
1265 3325 1364 3398 totius
1393 3321 1505 3406 auris,
1538 3324 1586 3392 uti
1616 3346 1629 3395 1
1656 3328 1698 3396 ad
1725 3326 1925 3421 soe'quam·

402 3430 512 3498 obrem
547 3426 642 3495 sonus
663 3427 697 3493 in
721 3422 823 3490 turim
849 3419 997 3505 illapsus,
1020 3416 1057 3489 dt
1079 3439 1220 3489 meatum
1254 3417 1468 3513 ingressurum
1492 3419 1600 3509 pot'est
1629 3421 1927 3522 effe-quinquagei'

402 3525 461 3594 stes
483 3521 655 3598 intensior,
681 3535 777 3602 quarn
804 3515 826 3579 sa
854 3515 977 3597 absque
1005 3531 1083 3578 oure
1106 3532 1249 3579 meatum
1274 3513 1424 3582 intrasset.
1916 3531 1924 3560 ²

451 3616 517 3687 Hic
541 3615 639 3683 duros
666 3606 701 3678 δι
729 3606 819 3695 quali
844 3604 1018 3674 corneolos
1041 3604 1163 3674 habens
1186 3606 1337 3675 introitus
1358 3608 1405 3674 est
1434 3610 1511 3676 tuba
1543 3606 1646 3695 DE,
1680 3619 1793 3702 partim
1816 3621 1927 3708 ossea,

405 3717 520 3807 partim
547 3706 779 3799 cunilaginea,
809 3721 843 3791 9.
869 3701 969 3770 lineas
992 3701 1118 3796 longa,
1145 3725 1179 3789 4.
1204 3703 1297 3786 alta,
1326 3723 1358 3794 3.
1380 3703 1473 3782 lata,
1498 3703 1645 3792 cylindro
1668 3710 1837 3802 elliptica,
1863 3711 1926 3788 serss

403 3812 543 3902 pentino
568 3798 734 3896 progressu
753 3795 827 3869 DF
855 3795 1052 3867 adscendens
1067 3825 1088 3878 ,·
1111 3816 1180 3866 turn
1214 3796 1416 3869 descendens
1445 3797 1544 3885 FE,
1576 3803 1760 3894 iterumque
1792 3809 1925 3885 adscen.

332 3983 337 3992 ,
404 3910 507 3984 dens,
535 3897 757 3971 terminaturi
781 3894 966 3965 membrana
991 3892 1153 3982 Tympani
1181 3891 1227 3963 G.
1280 3893 1363 3966 Hac
1394 3894 1529 3985 oblique
1552 3905 1751 3989 apponitur,
1776 3902 1923 3982 sormam

404 4002 557 4094 angulum
583 3997 733 4066 obtusum
756 4011 775 4061 a
799 4007 888 4078 perte
915 3986 1091 4078 superiori,
1115 4010 1243 4061 acutum
1267 3995 1309 4062 ab
1333 3991 1495 4077 inferiori,
1522 4015 1562 4064 ne
1592 3995 1688 4069 sonus
1713 4006 1798 4074 recia
1821 4005 1923 4095 ipsam

405 4099 536 4183 feriret,
573 4091 626 4162 sed
651 4088 723 4180 post
746 4089 846 4158 varias
868 4088 901 4156 in
928 4084 988 4155 bac
1011 4087 1088 4156 tuba
1113 4086 1335 4172 reflexiones,
1367 4087 1545 4158 admodum
1578 4093 1713 4182 oblique
1737 4099 1922 4174 illaberetur

405 4198 437 4265 in
460 4191 677 4263 membranam
704 4186 724 4258 i
748 4205 837 4275 parte
862 4181 1017 4271 superiori
1048 4182 1225 4269 deorsum,
1259 4206 1327 4274 quo
1357 4184 1493 4254 artisrcio
1526 4184 1694 4259 diutiistme
1729 4192 1806 4265 sarra
1839 4199 1925 4270 tedia'

403 4311 540 4372 manet,
567 4307 629 4357 nec
659 4282 753 4354 facile
785 4303 804 4351 a
834 4281 919 4350 sonis
949 4278 1173 4349 incensoribus
1206 4284 1378 4372 rumpitur.
1428 4277 1517 4351 Nam
1550 4303 1656 4373 partes
1685 4287 1854 4362 interiores
1887 4289 1923 4364 δι’

403 4392 587 4457 tenerrimas
611 4379 776 4461 defendit,
802 4401 845 4449 ne
874 4376 1093 4460 exsecentur,
1127 4372 1432 4469 &corrumpantur
1455 4378 1497 4447 ab
1525 4381 1625 4462 aere,
1660 4402 1696 4452 ut
1722 4385 1790 4456 lieri
1814 4375 1923 4476 solet,

403 4504 478 4552 cum
503 4480 600 4550 stada
623 4478 690 4556 eu,
717 4498 772 4546 aut
800 4474 978 4558 dissoluta,
1014 4476 1159 4564 quamvis
1186 4495 1292 4546 tamen
1323 4474 1469 4545 animalia
1502 4473 1592 4546 illico
1616 4501 1682 4549 non
1708 4481 1787 4554 fiant
1812 4486 1922 4573 surda,

405 4581 453 4649 uti
484 4581 525 4646 ab
548 4575 744 4665 experientia
767 4573 930 4644 deteelum
953 4571 998 4642 est
1024 4571 1115 4663 (b).
1169 4570 1392 4663 Componitur
1410 4573 1482 4644 hec
1507 4576 1692 4649 membrana
1717 4600 1760 4654 ex
1782 4605 1925 4677 quatuor

476 4867 535 4941 (a)
559 4865 657 4923 albini
680 4864 788 4924 iiiior.
808 4855 930 4928 Muscas.
955 4867 1017 4926 Lib.
1040 4883 1066 4939 ³·
1088 4868 1157 4945 Cap.
1181 4883 1287 4946 a,3,u,
1310 4879 1593 4950 adamamamo.
1841 4833 1845 4846 Ι

480 4948 539 5022 (a)
560 4944 658 5005 Willis
681 4943 843 5006 dedeima
867 4933 1139 5042 iltutoncapfaq.
1508 5009 1511 5014 ,
1655 4979 1669 5012 .-
1756 4971 1759 4976 ·

1192 5059 1445 5152 Οεεοςς3
