4992 6767
641 715 896 804 SIVE·
967 715 1085 804 DE
1166 712 1579 805 VENTIS.
1762 745 1873 811 tran

356 910 533 996 novilunii,
559 929 656 1003 quam
677 911 866 1006 plenilunii,
893 906 1045 981 &Luna
1068 910 1209 982 versante
1228 913 1263 982 in
1288 910 1397 981 nodis.
1456 910 1521 982 Sed
1543 913 1654 1004 potior
1677 913 1769 987 causa
1790 937 1868 987 ven·

353 1014 386 1176 {i
404 1011 470 1102 ipse
492 1009 584 1081 aestus
604 1013 752 1175 marinus
775 1011 845 1082 erit.
896 1007 982 1079 Solis
1009 1009 1147 1104 gravitas
1173 1008 1207 1078 in
1231 1005 1474 1098 atmosphaeram
1497 1011 1600 1082 multo
1623 1013 1732 1084 minus
1750 1034 1867 1104 opera·

378 1129 462 1192 rtur,
486 1126 582 1198 quam
634 1129 718 1178 unae.

404 1228 436 1326 §.
470 1227 682 1303 lllMDCX.
715 1229 779 1300 Sed
814 1227 872 1300 Sol
903 1224 1100 1318 potifflmum
1131 1224 1195 1295 alio
1227 1242 1378 1315 operatur
1405 1226 1536 1314 modo;
1570 1230 1627 1302 suo
1647 1236 1734 1304 enim
1758 1233 1866 1307 calore

355 1326 463 1397 a‘e‘rem
488 1326 650 1412 rarefacit,
675 1347 716 1397 eo
737 1325 978 1414 vehementius,
1004 1345 1072 1413 quo
1102 1322 1197 1393 radiis
1222 1320 1395 1411 pluribus,
1433 1343 1500 1393 tum
1523 1328 1624 1420 magis
1645 1330 1763 1402 direde
1789 1351 1865 1402 eum

353 1423 489 1494 ferierit:
504 1424 537 1493 ‘sr
559 1427 656 1520 igitur
673 1425 706 1494 in
727 1422 815 1494 caelo
834 1423 1002 1500 hincinde
1019 1420 1079 1489 smt
1093 1418 1214 1504 nubes,
1240 1439 1315 1506 quae
1330 1417 1416 1488 Solis
1431 1419 1538 1489 radios
1559 1422 1785 1515 intercipiunt,
1809 1429 1864 1499 aer

357 1518 438 1592 infra
462 1521 563 1591 nubes
587 1523 694 1591 minus
717 1517 870 1615 calescet,
903 1519 1008 1588 minus
1031 1514 1193 1599 rarescet,
1225 1516 1301 1599 a'e'r,
1327 1517 1382 1604 qui
1408 1515 1510 1585 estin
1535 1521 1653 1607 apertis
1680 1520 1782 1615 plagis
1806 1543 1866 1593 nu·

356 1619 448 1691 bium
471 1618 657 1709 expertibus
678 1614 751 1706 plus
773 1613 978 1685 calesadusa
1002 1612 1080 1682 Sole
1102 1612 1242 1694 diurno,
1264 1607 1348 1680 &se
1371 1610 1581 1706 expandens,
1613 1614 1654 1683 ad
1675 1615 1785 1685 aerem
1807 1617 1865 1687 sub

361 1714 502 1784 nubibus
525 1714 682 1804 pelletur,
706 1711 783 1782 hinc
804 1711 918 1801 aliquis
949 1712 1070 1778 orietur
1092 1726 1222 1779 ventus:
1258 1726 1370 1778 contra
1391 1709 1490 1778 nosiu
1514 1711 1569 1778 aer
1590 1708 1647 1779 sub
1676 1711 1765 1780 nube
1789 1711 1869 1782 den·

360 1810 423 1880 fior
448 1809 488 1878 ad
520 1810 617 1881 alium
642 1810 782 1880 vicinum
816 1809 995 1892 rariorem,
1029 1799 1065 1873 δι
1091 1806 1146 1895 qui
1169 1825 1188 1871 a
1213 1801 1335 1899 frigore
1368 1803 1610 1894 superveniente
1634 1806 1883 1893 condensatur,

358 1904 391 1975 se
412 1907 598 1997 expandens
628 1925 760 1978 ventum
788 1904 951 1975 adversum
983 1903 1082 1993 priori
1108 1899 1279 1971 suscitabit.
1334 1897 1432 1973 Haud
1454 1900 1561 1973 dubiae
1589 1905 1767 1976 innumerae
1795 1905 1873 1977 aliae·

356 2004 477 2087 causa,
503 2001 669 2093 hucusque
691 2004 886 2096 incognitae,
911 2018 1080 2073 ventorum
1107 1995 1191 2068 sunt.
1312 2031 1318 2041 ·

404 2139 435 2238 Β.
462 2139 679 2214 MMDCXI.
705 2139 758 2211 Ex
782 2140 924 2211 nubibus
947 2137 1077 2208 adversa
1106 2135 1283 2208 diresiione
1307 2158 1540 2227 nonnunquam
1562 2142 1659 2211 motis
1680 2138 1879 2237 col-ligimus—

355 2257 468 2309 venros
495 2237 622 2307 aduersa
647 2236 827 2306 directione
856 2251 927 2302 rum
952 2231 1092 2322 spirare:
1124 2252 1191 2301 non
1215 2232 1271 2302 diu
1299 2234 1331 2302 hi
1355 2236 1442 2303 venti
1464 2236 1496 2303 in
1520 2237 1587 2324 pari
1612 2235 1777 2307 altitudine
1803 2236 1865 2326 spi·

353 2352 444 2413 rant,
468 2353 535 2401 uno
557 2332 749 2420 plerumque
768 2328 960 2418 superante,
986 2324 1145 2398 &secum
1169 2329 1306 2399 vehente
1328 2330 1480 2398 alterum:
1505 2329 1559 2399 sed
1580 2333 1740 2401 interdum
1762 2332 1881 2402 nubes·

354 2430 389 2498 in
413 2429 504 2500 variis
528 2425 749 2494 altitudinibus
769 2446 788 2494 a
813 2429 915 2494 ventis
943 2425 1109 2495 contrariis
1138 2444 1302 2517 aguntur,
1336 2424 1414 2495 licet
1440 2425 1472 2492 hi
1505 2428 1591 2495 venti
1613 2449 1725 2517 parum
1745 2427 1879 2497 diutius»

353 2522 470 2611 spirent
486 2522 667 2611 prioribus,
692 2521 796 2592 brevis
812 2539 918 2591 nmen
936 2520 1007 2592 sunt
1028 2519 1223 2607 durationis;
1248 2519 1364 2592 horum
1383 2519 1484 2591 causae
1509 2522 1543 2591 in
1565 2525 1657 2593 variis
1674 2522 1876 2616 aunosphae··
1991 2595 1998 2606 ,

354 2639 397 2688 rae
423 2616 642 2688 altitudinibus
664 2615 811 2687 existunt.

401 2754 434 2844 §.
460 2749 696 2823 MNIDCXlI.
721 2749 819 2819 Venti
837 2746 1056 2820 vehementius
1073 2747 1187 2838 spirate
1210 2751 1245 2817 in
1271 2748 1354 2818 locis
1374 2747 1493 2833 editis,
1518 2772 1616 2840 quam
1631 2757 1665 2824 in
1687 2752 1879 2826 humilibus·

354 2852 560 2940 sentiuntur,
594 2850 679 2938 quia·
697 2849 729 2918 in
757 2847 807 2915 his
830 2865 990 2934 perpetuo
1016 2840 1184 2912 offendunt
1205 2844 1408 2912 resistentiam
1438 2845 1480 2912 ab
1503 2848 1691 2932 arboribus,
1716 2849 1878 2932 adibus,-

353 2948 548 3027 montibus,
581 2941 771 3032 &objectis
798 2940 1014 3010 exstantibus:
1048 2959 1120 3028 quae
1142 2944 1251 3008 omnia
1283 2936 1446 3007 obstacula
1472 2960 1513 3010 err
1539 2940 1621 3011 locis
1653 2942 1783 3013 excelfis
1806 2945 1864 3013 ab·

354 3045 441 3114 sunt:
468 3042 614 3130 adeoque
638 3040 695 3109 ae'r
716 3038 877 3107 liberrime
899 3035 1011 3106 eloco
1027 3037 1059 3104 in
1075 3033 1186 3101 locum
1208 3037 1393 3122 promoveri
1415 3041 1551 3122 poterit:
1578 3039 1655 3108 ideo
1674 3042 1770 3110 etiam
1785 3060 1862 3110 ven·

352 3142 375 3209 ti
398 3138 467 3208 sunt
485 3135 632 3208 fortiores
656 3135 689 3201 in
708 3133 808 3220 mari,
834 3130 996 3219 lacuque,
1020 3150 1116 3218 quam
1139 3131 1172 3197 in
1202 3131 1417 3216 continente,
1445 3151 1481 3202 ut
1502 3135 1644 3205 unanimi
1667 3155 1725 3204 ore
1757 3156 1880 3207 nautaer

351 3235 514 3305 testantur.

402 3363 433 3461 ς.
458 3357 710 3434 MMDCXIII.
734 3357 816 3428 Sunt
832 3356 932 3446 aliqui
948 3356 1054 3441 uenti,
1067 3359 1123 3445 qui
1146 3376 1261 3446 parvos
1281 3374 1409 3452 tantum·
1421 3358 1503 3430 adria
1518 3360 1635 3430 ttadus
1651 3380 1874 3450 percurruntt:

319 3493 323 3500 ·
353 3465 397 3532 ita
422 3465 455 3529 in
479 3456 683 3529 Narbonensi
709 3451 879 3521 Provincia
892 3453 943 3518 ‘ad
972 3450 1205 3545 Malignonum
1228 3472 1374 3522 montem
1403 3475 1517 3524 ventus
1536 3457 1698 3539 nascitur,
1723 3460 1778 3547 qui
1801 3461 1859 3532 de.

352 3557 523 3627 clivitatem
555 3549 623 3638 ejus
652 3569 720 3616 non
750 3546 906 3628 excedit,
939 3549 972 3613 in
994 3545 1135 3616 inferiori
1161 3545 1364 3638 Delphinaru
1386 3548 1432 3617 est
1452 3549 1611 3639 oppidum
1633 3543 1828 3625 Nilrontium
1846 3608 1875 3640 ‚..

352 3671 458 3744 prope
484 3645 573 3735 quod
596 3663 709 3712 ventus
736 3639 897 3723 nascitur,
937 3643 993 3729 qui
1019 3640 1171 3712 Ponthias
1200 3645 1321 3714 accolis
1351 3646 1563 3730 nominatur,
1595 3641 1631 3715 dt
1655 3647 1737 3714 intra
1764 3652 1876 3721 unius-

351 3746 494 3817 milliaris
514 3739 713 3809 latitudinem
741 3740 794 3805 vix
818 3736 897 3805 ultra
920 3737 987 3806 duo
1006 3756 1061 3805 tut
1084 3741 1141 3807 tria
1163 3744 1339 3829 procurrit,
1365 3744 1392 3811 is
1417 3761 1543 3828 tamen,
1565 3761 1601 3811 ut
1623 3739 1798 3812 vehemens
1821 3740 1873 3814 ἀ,

353 3840 504 3913 aBorci
538 3834 683 3925 quotidie
712 3831 766 3902 ssat
793 3853 860 3902 uno
888 3852 1028 3913 tenore,
1061 3830 1147 3902 Vere
1172 3836 1302 3923 quidem
1335 3833 1371 3905 δι
1395 3839 1566 3908 Antumno
1594 3836 1674 3922 hora
1704 3858 1815 3929 quarta
1838 3861 1874 3911 a:

353 3937 461 4009 media
485 3936 581 4004 nocie
602 3951 640 3999 ac
664 3928 719 3998 sub
742 3927 907 3998 meridiem
935 3927 1069 3997 desinit:
1100 3928 1205 4004 aeslate
1235 3932 1276 4000 ab
1301 3953 1414 4003 aurora
1438 3935 1472 4003 in
1498 3934 1686 4005 matutinam
1711 3933 1875 4011 octavam

351 4038 454 4130 viget:
480 4031 596 4118 hyeme
621 4046 639 4093 a
666 4025 770 4095 media
795 4023 890 4093 nodie
911 4043 1014 4113 usque
1037 4024 1079 4094 ad
1102 4046 1220 4128 nonam
1243 4048 1299 4097 aut
1321 4029 1480 4099 decimam
1503 4030 1628 4101 constat
1654 4035 1669 4125 (
1704 4030 1752 4122 )..

397 4161 430 4251 §.
454 4153 671 4229 MMDCIV.
695 4151 923 4244 Ventuslenis
947 4175 1018 4224 raro
1047 4154 1107 4222 iter
1131 4154 1266 4249 longum
1296 4159 1454 4228 conficit:
1478 4178 1590 4229 verum
1611 4158 1874 4245 vehementior„

349 4255 603 4343 &aliquamdiu
629 4254 745 4322 durans
767 4271 825 4341 per
849 4250 969 4320 vastum
990 4249 1065 4318 coeli
1094 4248 1227 4337 spatium
1250 4252 1355 4321 vasrlle
1385 4252 1568 4324 observatus
1591 4252 1683 4337 suit,
1721 4248 1756 4322 ou
1779 4274 1854 4345 per·

347 4349 476 4421 currisse
508 4343 765 4420 Britanniam&
796 4345 964 4430 Galliam,
1011 4346 1056 4412 uti
1086 4366 1126 4414 ex
1158 4345 1299 4416 Maraldi
1326 4346 1599 4418 observationibus
1630 4349 1777 4435 Parisiis,
1816 4347 1872 4421 &t-

347 4444 505 4515 Derbami
526 4447 628 4528 captis
660 4441 858 4527 Upminsteri
884 4443 986 4530 liquet
1019 4438 1104 4534 (b).
1162 4442 1229 4511 Alii
1261 4446 1364 4533 vagati
1399 4444 1470 4512 sunt
1505 4460 1563 4534 per
1594 4465 1695 4517 totam
1726 4445 1869 4519 Britan·-

350 4542 458 4622 niam,
481 4553 612 4618 notante
626 4533 838 4625 Townleyo,
854 4531 1071 4608 &Derhamo
1097 4535 1186 4629 (c).
1236 4533 1304 4606 Alii
1324 4534 1539 4628 perflaverunt
1554 4539 1774 4633 Britanniam,
1798 4562 1866 4614 to·-

1784 4657 1870 4713 m

424 4785 480 4862 (a)
502 4784 658 4877 (lassandus
679 4788 710 4846 ln
735 4788 843 4864 Physic.
866 4791 930 4852 Lib.
952 4803 981 4852 ι.
1002 4789 1075 4851 Seli.
1096 4806 1123 4868 3.
1147 4791 1221 4876 Cap.
1248 4809 1276 4860 1.
1298 4808 1371 4873 pag..
1385 4799 1442 4860 600·-

421 4868 482 4939 (i)
503 4863 653 4924 I’Hislorre
674 4863 710 4924 de
732 4866 844 4927 l’Acad.
865 4869 941 4945 Roy.
962 4868 1120 4946 A001699·
1413 4875 1417 4881 ’
1551 4881 1556 4888 '

426 4942 670 5025 [casallosoplr.
691 4943 837 5011 trenno
854 4945 913 5011 N0.
934 4960 1000 5024 ²91·
