4992 6767
547 732 679 829 ,1014
763 682 1442 794 ‚uenturuonts
1501 678 1860 791 aQuuts.

568 908 636 990 cit,
660 894 842 988 bullitque,
866 912 904 965 ut
924 886 1013 964 nulla
1033 887 1122 961 nauls
1145 883 1211 982 line
1236 877 1405 953 manifesto
1428 874 1597 974 naufing'o
1617 876 1650 948 se
1673 880 1705 949 ei
1727 888 1935 977 committat;
1959 913 2098 975 vocatur

565 1009 602 1079 la
625 993 790 1093 Vandaist
815 989 910 1088 (a).
959 986 1025 1060 Sed
1051 982 1183 1078 quando
1212 979 1345 1053 Praeller
1377 995 1419 1046 ex
1448 975 1525 1047 loco
1555 978 1591 1048 in
1613 975 1726 1048 locum
1747 990 1937 1076 procurrit,
1969 997 2026 1065 vix
2051 1002 2095 1071 ab

566 1107 643 1199 igne
663 1098 870 1168 subterraneo
895 1084 980 1159 effici
1002 1081 1128 1176 potest,
1153 1077 1207 1149 sed
1229 1076 1363 1168 quidem
1384 1092 1521 1145 aveuto
1545 1076 1581 1144 in
1599 1078 1758 1148 vorticem
1783 1085 1883 1168 aiio,
1918 1093 2095 1183 propulso·

566 1220 633 1292 que
656 1191 749 1267 simul
771 1210 848 1261 cum
871 1183 1024 1256 columna
1044 1197 1162 1269 aquea-r
1189 1175 1292 1264 qualis
1315 1172 1459 1263 sequenti
1484 1192 1573 1243 auno
1591 1177 1692 1244 etiam
1714 1177 1747 1246 in
1772 1177 1847 1250 lacu
1868 1181 2016 1260 Lemano
2031 1215 2093 1286 ap.

566 1296 693 1390 paruit,
729 1284 764 1360 ἃ
787 1284 900 1378 pulcre
923 1277 1099 1367 descriptus
1127 1272 1172 1345 est
1197 1292 1216 1341 a
1240 1268 1303 1374 ¹Cl.
1326 1268 1504 1362 Jallaberto
1538 1268 1644 1364 (b):
1678 1270 1720 1342 cd
1750 1274 1931 1353 distantiam
1962 1289 2093 1365 circiter

568 1413 664 1486 3000
690 1383 809 1479 pedum
834 1380 854 1448 i
877 1376 947 1468 ripi
970 1393 1077 1466 vapor.
1097 1371 1212 1464 niger,
1242 1364 1278 1440 &
1307 1365 1422 1440 densus
1452 1364 1814 1463 conspiciebatur,.qui
1837 1376 2015 1456 pampini,
2041 1390 2090 1460 26

553 1465 618 1562 ¹uel
648 1485 689 1556 18
716 1475 954 1567 hexapedarum
980 1489 1067 1552 erat,
1092 1477 1206 1558 parum
1231 1464 1347 1550 altior,
1371 1461 1586 1535 adscendebat
1606 1467 1640 1536 in
1659 1467 1760 1541 altum
1775 1493 1853 1544 cum
1874 1483 1999 1574 magnis
2015 1483 2089 1558 sub.

553 1584 729 1660 sultibus,
755 1572 926 1664 postquam
956 1569 999 1638 ita
1025 1562 1191 1636 semihorae
1222 1562 1326 1654 spatio
1349 1558 1568 1652 apparuisset,
1600 1566 1775 1637 conversus
1802 1567 1864 1644 fuit
1894 1577 1926 1646 in
1958 1578 2088 1654 colum-

423 1685 426 1692 '
563 1699 639 1754 narn
665 1676 784 1746 rectam
809 1667 845 1739 bt
870 1666 987 1749 altam,
1012 1684 1080 1758 quo
1102 1660 1205 1733 morlo
1227 1658 1391 1752 perstitita
1417 1659 1589 1750 provectus
1613 1658 1675 1730 fuit
1699 1661 1741 1730 ad
1766 1672 2020 1760 conn'nentem,
2052 1681 2088 1752 in

554 1757 628 1868 qua
654 1791 701 1866 50
727 1767 779 1841 uel
804 1766 851 1839 60
876 1760 1014 1875 passibus
1038 1757 1257 1872 vegetabit,
1290 1775 1460 1828 momento
1485 1759 1644 1869 temporis
1657 1762 1807 1873 evanuit.
1846 1764 1905 1837 De
1927 1767 2089 1847 Praesteri-

562 1871 731 1960 bus‚squi
755 1887 774 1936 a
801 1881 900 1940 vento
930 1856 1093 1934 vorncoso
1124 1854 1334 1942 efficiuntur,
1366 1853 1533 1950 eleganter
1561 1869 1682 1928 ceeinlt
1706 1851 1865 1955 Polrgnac
1889 1867 1926 1940 in
1955 1868 2088 1948 Anu-lu,

561 1971 664 2048 cren‘o
691 1963 768 2064 (c).
865 2057 867 2061 Ι

1087 2187 1091 2194 .
1139 2167 1145 2178 -
1180 2114 1256 2246 De·
1272 2112 1493 2223 Exhydria.

606 2343 637 2444 ς.
663 2332 1033 2416 MMCCCLXXXV.
1058 2335 1222 2407 Fraiiura
1242 2334 1418 2434 Nasium,
1442 2332 1506 2406 five
1530 2329 1703 2428 Euhydriu
1720 2333 1778 2424 fit,
1801 2340 1934 2432 quando
1958 2345 2082 2423 Nubes

549 2429 625 2518 non
646 2439 825 2515 admodum
847 2439 919 2522 altae
942 2456 962 2504 a
986 2436 1088 2505 ventis
1112 2431 1332 2522 impetuosis,
1366 2431 1605 2504 electriciratem
1632 2455 1674 2505 ex
1696 2456 1735 2508 ea
1757 2433 1863 2509 subito
1887 2442 2081 2537 abripienti-

557 2544 640 2626 bus,
667 2537 702 2609 &
720 2534 848 2608 adversa
870 2532 1048 2612 diresiione
1080 2528 1254 2613 flantibus,
1278 2548 1333 2599 aut
1351 2552 1370 2599 a
1389 2526 1544 2622 fulmine,
1573 2525 1779 2624 &,tonitru‚
1801 2533 1888 2628 ,inira
1910 2542 2079 2637 regionem

557 2636 696 2709 nivalem
716 2636 880 2718 excitato,
897 2628 1010 2714 valde,
1031 2625 1066 2696 s:
1090 2629 1157 2697 cito
1181 2624 1418 2716 condensatur,
1441 2625 1525 2698 adeo
1547 2645 1584 2700 ut
1609 2627 1801 2722 compressae
1821 2633 1919 2707 nubis
1943 2644 2081 2730 particu-

550 2733 623 2819 lae,
656 2731 871 2802 elestncitatis
895 2745 1070 2816 expertes,
1104 2722 1253 2795 celeriter
1272 2725 1418 2808 coeant,
1451 2723 1600 2814 pondere
1624 2729 1722 2810 nuni
1742 2729 1777 2800 in
1801 2748 1948 2821 terram,
1984 2757 2078 2828 quam

542 2825 741 2912 ,immodicis
766 2825 924 2895 imbribus
946 2819 1128 2895 brevissimo
1156 2837 1305 2910 tempore
1334 2817 1517 2910 inundent:
1549 2822 1617 2896 vidi
1642 2821 1810 2918 Uluujecn
1840 2829 1947 2904 Anno
1975 2854 2076 2931 1737.

547 2923 647 3022 'Junii
674 2924 708 2996 6.
732 2925 815 2995 intra
839 2917 1029 2991 semihoram
1051 2938 1115 2990 tres
1141 2915 1281 3008 pollices
1303 2916 1419 3009 pluviae
1434 2917 1593 3002 ,cecidisse
1612 2923 1789 2998 comitante
1809 2927 1943 3000 terribili
1969 2929 2077 3008 fulmi-

546 3017 608 3095 ne.
660 3019 827 3117 Quoniam
852 3034 967 3089 uentus
989 3014 1093 3085 nubes
1116 3017 1150 3084 in
1175 3014 1362 3105 oppositum
1385 3035 1533 3088 montem
1565 3021 1778 3114 apprimens,
1810 3021 2018 3100 eleetnciute
2041 3034 2077 3105 in

552 3140 632 3212 etun
648 3117 801 3200 volante,
830 3112 917 3183 idem
933 3132 972 3182 ac
986 3111 1054 3182 duo
1073 3109 1357 3203 adverspraestare
1383 3111 1509 3204 potest,
1532 3115 1657 3208 liquet,
1681 3119 1891 3212 quamobrem
1921 3125 1955 3196 in
1977 3149 2077 3200 mon·

554 3216 632 3285 tosts
654 3214 756 3293 locis,
782 3227 853 3280 tum
874 3209 908 3278 in
929 3208 1047 3297 quibus
1069 3205 1344 3279 vehementissime
1364 3208 1533 3303 fulminet,
1555 3211 1592 3284 ἀ
1620 3234 1730 3300 tonat,
1753 3215 1989 3308 frequentiores
2012 3224 2075 3300 hu·

551 3308 695 3404 iusmodi
718 3305 863 3376 sraeiurae
888 3304 1046 3387 nubium,
1072 3324 1171 3394 quarn
1192 3306 1226 3374 in
1253 3307 1440 3402 regionibus
1462 3307 1588 3398 planis,
1617 3307 1652 3381 ἂ
1680 3312 1714 3382 in
1740 3313 1859 3402 quibus
1881 3322 1986 3412 magis
2015 3324 2067 3392 in·

554 3427 662 3476 nocua
684 3402 757 3472 sunt
779 3399 942 3490 fulmina,
976 3403 1197 3495 contingunt:
1228 3401 1271 3474 de
1299 3403 1349 3472 his
1376 3401 1518 3478 funum
1538 3404 1683 3490 ‚moiun
1696 3407 1801 3498 potest
1824 3407 2067 3492 Scheucbsert'ts

556 3501 662 3597 (d):
692 3495 878 3596 ‘Gaisendus
910 3516 1017 3568 tamen
1047 3499 1111 3582 ait,
1137 3497 1313 3587 aliquando
1343 3521 1460 3596 magna
1490 3499 1714 3592 tranquillitate
1741 3506 1772 3576 vi
1838 3523 1871 3576 te
1895 3512 2074 3598 procidere

546 3597 658 3671 'nubes
673 3617 731 3688 pet
746 3611 908 3688 praerupta
924 3595 1106 3678 montium,
1131 3613 1207 3665 curn
1223 3593 1317 3664 nullo
1333 3616 1433 3669 rento
1449 3593 1699 3670 sustentabantur
1724 3597 1772 3695 (t
1805 3649 1815 3670 .
1839 3601 1907 3672 Sed
1920 3608 1999 3693 quia
2012 3630 2077 3695 nn·¹

553 3698 612 3769 bes
639 3695 684 3766 eil
705 3696 753 3764 in·
772 3689 954 3782 equilibrio
984 3711 1059 3760 cum
1080 3691 1176 3775 aire,
1199 3690 1233 3759 in
1256 3712 1324 3783 quo
1343 3711 1449 3780 natat,
1473 3693 1591 3772 odae
1604 3697 1740 3788 nequit,
1764 3697 1823 3768 nlfi
1835 3699 2073 3790 condensetur,

546 3790 591 3865 rit
618 3788 767 3882 specifice
788 3789 916 3881 grauior
936 3784 1014 3870 fiat,
1039 3788 1130 3875 quod
1154 3789 1346 3884 contingere
1369 3793 1478 3882 potuit
1503 3811 1644 3866 avento
1664 3795 1699 3865 in
1722 3791 1849 3867 sublimi
1868 3796 1957 3870 coelo
1985 3799 2072 3875 flan-

549 3909 607 3973 te,
632 3884 871 3955 elec'tricitatem
893 3878 988 3953 nubis
1008 3882 1208 3977 abripiente,
1227 3905 1303 3960 curn
1326 3889 1383 3961 air
1403 3891 1438 3961 in
1463 3889 1675 3986 atmosphete
1694 3889 1839 3966 inferiori
1853 3914 1988 3988 pacatus
2002 3897 2073 3971 fue·

552 4003 605 4057 nt.

602 4102 635 4206 5.
659 4101 1044 4180 MMCCCLXXXVI.
1068 4100 1244 4196 Exhydn'ae
1269 4111 1389 4188 utilitas
1408 4118 1618 4212 cognoscitur
1635 4115 1745 4204 nulls,
1768 4139 1843 4192 nam
1865 4117 1990 4214 semper
2005 4145 2070 4194 no·

552 4226 607 4278 cet
626 4204 771 4278 humoris
792 4205 922 4278 decidui
945 4208 1000 4298 vi,
1022 4199 1058 4276 ἃ
1081 4206 1195 4298 copia:
1220 4207 1337 4302 abripit
1365 4234 1497 4309 magnas
1518 4235 1559 4288 etr
1581 4213 1653 4286 altis
1673 4209 1839 4290 montibus
1853 4217 1976 4304 moles,
2004 4241 2069 4311 op-

548 4306 659 4473 Pfflt
678 4306 844 4472 ffitooes’
874 4302 1065 4394 prosternit,
1091 4301 1224 4395 turbat,
1254 4313 1443 4400 convertit,
1465 4311 1599 4388 inundat
1618 4331 1716 4403 etus,
1740 4307 1776 4386 ἃ
1798 4311 1885 4386 sitae
1915 4315 2001 4390 adeo
2029 4337 2070 4388 ut

551 4420 584 4473 m
651 4424 667 4473 s
730 4419 797 4472 erat
820 4419 933 4474 noxas.

521 4713 524 4720 -
623 4672 683 4749 (ι)
705 4678 836 4737 Kitclreti
852 4678 957 4741 Muri.
978 4681 1108 4748 Subtert.
1129 4684 1197 4747 le.
1214 4699 1243 4759 4.
1265 4700 1331 4761 ρει.
1348 4700 1417 4762 225.

624 4753 683 4825 ib)
705 4755 856 4816 l'Histoire
872 4759 908 4817 de
923 4760 1037 4822 l’llcad.
1059 4766 1137 4840 Roy.
1164 4764 1322 4838 A001742.
1342 4783 1409 4844 pag.
1428 4781 1478 4847 34.

626 4834 683 4906 (e)
706 4834 771 4893 lib.
790 4850 817 4893 a.
840 4838 917 4895 Veri.
937 4847 1003 4907 996·
1024 4859 1086 4916 pag.
1104 4851 1154 4915 65.

621 4909 681 4984 (d)
702 4913 733 4970 ln
752 4914 858 4974 Itinere
880 4916 990 4991 Alpino
1011 4913 1065 4977 llo.
1083 4936 1170 4994 1703.
1188 4937 1254 4998 pag.
1271 4936 1339 4994 ης·

624 4990 680 5069 (e)
698 4991 810 5072 Physc.
831 4994 899 5058 Lib.
916 5011 943 5055 α.
964 4994 1036 5058 Stil.
1053 5013 1082 5074 3.
1104 5000 1177 5079 Cep.
1193 5014 1222 5064 a.
1243 5017 1308 5078 pag.
1324 5015 1371 5075 74.
