4992 6767
559 693 1130 813 REFRANGIBILITATE
1157 736 1214 803 tra·
1239 737 1298 805 02
1324 703 1676 807 (1080818118.Ι
1844 730 1927 839 pls

470 917 480 938 ⁶
525 915 634 989 circuli
665 915 729 986 'm
755 913 896 989 eradunt
924 915 1059 986 minoris
1086 913 1262 1000 diammri,
1295 911 1464 986 schematis
1491 914 1654 1007 perstante
1688 908 1894 1011 longitudine
1909 941 1923 1009 ,·

509 1011 636 1085 coloret
659 936 733 1084 1100
754 1014 921 1107 puriora,
944 1011 1000 1082 sed
1024 1015 1130 1081 minus
1155 1011 1242 1083 clari.

458 1109 519 1182 Vel
542 1109 731 1182 immediate
751 1109 825 1204 poll
844 1107 993 1182 foramen
1015 1107 1046 1180 F
1068 1129 1135 1179 non
1159 1109 1243 1179 adeo
1263 1109 1433 1208 angustum
1457 1127 1596 1201 ponatur
1618 1111 1756 1201 prisma,
1780 1111 1923 1201 quodid

395 1203 499 1281 'droca
521 1206 631 1304 lignea
651 1204 838 1295 sufficerat,
863 1203 899 1277 dt
922 1205 1012 1301 cujus
1035 1225 1162 1301 tergum
1183 1209 1303 1301 exiguo
1324 1208 1483 1278 foramine
1507 1207 1544 1276 lit
1559 1206 1777 1297 perforatum,
1802 1210 1924 1299 prisma
2057 1245 2065 1254 ·

402 1303 464 1377 slet
483 1303 753 1397 petpmdicaltre
770 1304 814 1377 ed
839 1304 943 1376 solum
967 1307 999 1376 in
1021 1303 1137 1388 theca,
1162 1321 1231 1373 turn
1251 1303 1420 1374 lateraliter
1441 1304 1520 1374 radii
1543 1306 1680 1375 tendunt
1691 1304 1836 1391 refradlia
1861 1307 1925 1379 est·

401 1421 471 1495 que
496 1401 635 1473 Schema
659 1401 792 1496 quidem
819 1423 866 1474 ao
885 1400 1019 1499 longius
1040 1422 1138 1493 quam
1164 1399 1292 1487 latum,
1327 1422 1424 1492 atque
1448 1402 1492 1471 ica
1513 1401 1643 1473 colotes
1667 1406 1791 1494 optime
1813 1403 1923 1477 distin·

448 1515 569 1667 effic
590 1615 697 1670 autem
721 1598 843 1692 septem
866 1595 998 1670 calores
1017 1594 1149 1688 spectari
1172 1597 1379 1686 experietur,
1411 1597 1469 1687 qui
1490 1599 1643 1688 prismate
1667 1600 1802 1669 intuitus
1820 1596 1926 1670 senes·

401 1709 488 1765 mam
510 1691 615 1789 plagia
636 1696 780 1768 rellitarn
799 1699 926 1782 vitreis,
949 1694 1068 1765 steterit
1093 1697 1127 1765 in
1153 1713 1245 1784 parte
1265 1713 1403 1764 camere
1426 1693 1623 1784 posteriori,
1649 1689 1684 1765 &
1705 1697 1812 1766 minus
1835 1694 1925 1766 ilius

401 1803 511 1874 erato,
536 1807 605 1861 nrm
621 1794 709 1863 enim
727 1793 831 1891 plage
842 1796 951 1866 vitreae
966 1789 1120 1882 superiori
1136 1789 1323 1861 adhaerescit
1338 1789 1433 1860 color
1445 1792 1583 1875 rubeus,
1601 1796 1786 1874 aurantius,
1810 1791 1924 1879 flavus,

397 1879 551 1978 seqtuenti
566 1887 671 1984 plagae
684 1891 869 1962 adhaerescit
885 1890 980 1960 color
995 1888 1124 1972 viridia,
1148 1906 1352 1978 purpureus,
1367 1885 1556 1974 flavescens:
1582 1885 1726 1977 sequenti
1740 1890 1924 1975 caeruleus,

517 2004 610 2070 reus,
635 1987 816 2060 violaceus:
841 2007 903 2058 nec
915 1985 968 2056 alii
985 2003 1175 2075 comparent
1194 1982 1343 2068 colores,
1369 1986 1425 2073 qui
1446 1983 1482 2056 in
1500 1982 1636 2055 sormam
1661 2007 1754 2055 arcus
1771 1986 1843 2055 sunt
1859 1987 1926 2057 dis·

404 2080 835 2252 willigisi
855 2078 1442 2249 {iiiiii‘fhiiniiili’
1458 2082 1927 2250 hisill‘llilmilhss

390 2287 596 2366 mrem
627 2273 791 2347 Colorem
826 2275 1031 2364 diphabum‚
1062 2227 1263 2341 conilamm
1286 2291 1329 2338 ex
1352 2226 1480 2352 rubro,
1510 2276 1567 2359 qui
1591 2200 1926 2361 00011ωῇ0101ωο

400 2366 475 2437 calis
493 2370 588 2439 color
608 2392 677 2439 non
702 2372 804 2440 estin
830 2368 1000 2437 Schemate
1030 2366 1083 2434 sed
1104 2365 1199 2434 color
1223 2364 1375 2445 Indicus,
1399 2365 1463 2434 live
1485 2365 1619 2455 prcisror
1639 2369 1821 2451 erenricus,
1851 2371 1929 2441 ideo

398 2467 533 2556 optimo
559 2465 696 2533 conhiio
721 2465 777 2536 Cl.
801 2461 1072 2532 'sGravesandius
1094 2464 1194 2532 utitur
1217 2481 1300 2532 uoce
1325 2463 1450 2535 Calatis
1474 2462 1602 2554 Indici,
1627 2483 1696 2533 non
1721 2462 1891 2556 Purpurei.

455 2582 487 2679 ς.
512 2579 739 2654 MDCCCV.
764 2582 798 2652 Si
821 2583 1068 2670 conceperimus
1089 2598 1192 2649 totam
1212 2581 1387 2675 imaginem
1407 2578 1475 2651 PT
1494 2582 1527 2651 in
1556 2583 1628 2673 360
1647 2601 1754 2675 partes
1778 2579 2074 2664 duranum}

400 2677 827 2866 fflfflffifflffffie
850 2675 986 2768 quilibet
1009 2674 1103 2747 color
1127 2675 1266 2745 totidem
1287 2697 1395 2768 partes
1418 2697 1582 2769 occupat,
1606 2700 1646 2752 ac
1659 2703 1813 2754 nummus
1836 2682 1928 2756 lateri
1955 2667 1992 2718 ¹⁸·
2010 2669 2037 2716 ¹·

455 2899 488 2989 §.
514 2895 757 2967 MDCCCVI.
789 2892 848 2966 Eil
874 2899 956 2967 inter
981 2899 1047 2966 hoc
1070 2895 1208 2966 Schema
1235 2893 1306 2967 ΡΤ
1329 2892 1365 2967 dt
1385 2894 1486 2974 tonos
1510 2897 1650 2972 musicos
1675 2902 1710 2971 ln
1731 2904 2064 3006 monochormruxrr

399 2995 455 3067 do
478 2996 556 3064 mira
576 2993 763 3080 harmonia,
789 2992 899 3064 sumtis
926 2995 1011 3064 tonis
1037 2993 1070 3061 in
1097 2988 1213 3061 Tertii
1235 2994 1376 3076 minori,
1401 2995 1486 3064 adeo
1509 3017 1545 3064 ut
1567 2999 1601 3065 in
1616 2993 1666 3065 his
1690 2997 1859 3072 coloribus
1881 3023 1929 3074 re·
1938 2999 1991 3067 liu·
2004 3018 2032 3064 a·

320 3093 322 3098 ’
402 3094 571 3186 perdantur
589 3090 662 3174 Re,
685 3090 767 3175 Mi,
792 3090 864 3174 Fa,
889 3089 963 3172 Sol,
989 3090 1067 3172 La,
1093 3090 1151 3171 ci,
1179 3089 1251 3171 Ur,
1275 3087 1338 3159 Ra.
1389 3085 1479 3159 Nam
1503 3089 1683 3160 Schernatn
1702 3094 1842 3166 colorati
1858 3096 1942 3172 100--

400 3187 521 3286 ¹gitudo
546 3186 566 3258 ir
588 3185 618 3256 B
642 3185 684 3256 ad
705 3183 744 3258 R
766 3184 812 3257 est
839 3183 909 3280 360
934 3188 1103 3278 partium,
1133 3185 1187 3253 cui
1208 3185 1354 3273 capiatur
1375 3181 1476 3254 altera
1498 3207 1572 3275 pars
1595 3183 1674 3257 ΚΛ
1697 3190 1861 3276 aequalis,
1893 3211 1931 3270 ut

399 3301 476 3358 tota
507 3283 683 3378 longitudo
711 3281 779 3355 AB
801 3282 934 3354 chordae
964 3285 998 3351 in
1020 3278 1251 3351 monochordo
1278 3279 1314 3349 sit
1337 3295 1410 3373 720
1434 3283 1570 3372 partium
1590 3304 1603 3366 ς
1634 3279 1759 3354 chorda
1783 3285 1930 3377 percussa
2075 3345 2080 3368 ,

400 3381 539 3453 sonabat
562 3381 634 3465 103
659 3379 774 3452 eadem
795 3379 904 3471 posito
917 3377 949 3448 di
975 3382 1022 3447 ‘to
1045 3379 1080 3448 in
1097 3374 1153 3462 D,
1176 3374 1240 3466 jam
1263 3374 1477 3472 longitudinis
1501 3373 1579 3449 CD
1602 3375 1675 3468 640
1692 3385 1856 3470 partium,
1875 3385 1929 3460 so·

401 3480 496 3550 nabit
520 3475 601 3548 Ma:
625 3475 732 3566 posrto
755 3476 859 3570 digito
881 3478 915 3544 in
978 3523 990 3556 ‚
1015 3472 1137 3543 chorda
1155 3470 1224 3544 FF.
1247 3480 1320 3544 600
1344 3493 1433 3561 parta
1459 3473 1583 3544 sonabit
1607 3475 1669 3547 Fa.
1695 3473 1732 3546 dt
1748 3478 1790 3549 sic
1806 3502 1929 3573 porros

400 3575 561 3661 :adeoque
587 3572 610 3641 si
636 3570 654 3639 1
676 3569 800 3640 chordd
825 3567 1046 3639 subtrahantur
1068 3585 1177 3656 partes
1202 3566 1273 3657 ejus
1295 3567 1509 3661 longitudinis
1530 3590 1570 3640 ac
1596 3570 1643 3642 est
1664 3591 1846 3666 numerus,
1869 3580 1930 3674 qui

403 3668 612 3740 datitudinetn
635 3664 759 3738 colotis
780 3665 922 3750 indicat,
947 3681 1147 3734 memoratos
1170 3661 1248 3733 edet
1270 3682 1381 3733 tonos.

451 3819 856 3924 §.mcccvilm
879 3842 957 3895 voro
981 3840 1066 3915 720.
1091 3819 1163 3909 640
1187 3838 1234 3890 r:
1284 3839 1322 3913 9.
1368 3819 1401 3894 8.
1428 3819 1544 3895 Tou·
1570 3824 1685 3919 unior.

981 3919 1066 4008 640.
1092 3916 1163 3987 600
1188 3938 1198 3985 a
1220 3937 1233 3984 a
1264 3916 1324 3988 16.
1352 3936 1407 4009 15.
1432 3917 1661 3996 Senitonium.

978 4016 1063 4088 600.
1092 4033 1163 4106 540
1188 4035 1198 4081 t
1223 4034 1234 4081 a
1264 4035 1318 4085 ro.
1368 4033 1404 4103 9.
1429 4013 1546 4086 'sonus
1569 4023 1687 4092 minor.

978 4132 1066 4204 540.
1092 4111 1164 4199 480
1188 4131 1235 4179 a:
1282 4130 1318 4200 9.
1368 4108 1402 4179 8.
1427 4107 1544 4180 Tonas
1568 4113 1682 4202 major.

977 4209 1065 4299 480.
1092 4225 1163 4296 43²
1189 4228 1198 4273 :
1224 4225 1234 4274 ε
1264 4226 1320 4278 ιο.
1370 4226 1405 4294 9.
1430 4203 1548 4276 Tonus
1572 4209 1692 4278 minor.

978 4326 1064 4398 430.
1091 4321 1161 4394 405
1188 4321 1232 4372 :a
1263 4301 1318 4373 1²6.
1348 4319 1403 4394 15.
1428 4303 1657 4378 Semitoniunr.

976 4419 1064 4498 405.
1091 4399 1161 4493 360
1188 4419 1232 4469 a:
1284 4419 1319 4492 9.
1372 4397 1715 4493 uuonusmajm.

450 4563 485 4669 h.
507 4561 786 4642 hinccevm.
818 4559 873 4637 Ex
891 4559 1080 4658 hujusmodi
1101 4559 1270 4633 harmonia
1299 4561 1385 4632 inter
1410 4558 1528 4648 Topos
1550 4557 1588 4633 dc
1608 4559 1754 4637 Colores
1776 4579 1846 4636 non
1859 4562 1923 4638 de·

398 4669 524 4739 hensa
545 4663 759 4749 concludere,
783 4685 823 4735 ac
845 4664 868 4734 sr
892 4663 934 4734 ab
956 4661 1071 4732 eadem
1100 4657 1194 4730 causa
1215 4657 1426 4751 penderent,
1449 4660 1618 4753 estquod
1646 4664 1769 4754 optima
1790 4661 1922 4735 hamno·

400 4764 462 4834 nia
484 4761 525 4831 ab
547 4763 585 4831 iis
611 4763 698 4831 tonis
723 4763 757 4830 in
780 4760 909 4832 Musca
932 4758 1163 4843 constituetur,
1188 4777 1265 4828 cum
1291 4757 1328 4827 stt
1348 4754 1493 4830 defectus
1516 4759 1645 4851 aqualis
1668 4764 1839 4836 commati:
1865 4755 1921 4830 sed

399 4861 567 4931 rationem
590 4856 766 4933 harmonia
781 4856 876 4954 huius
898 4876 976 4934 cum
997 4855 1164 4931 coloribus
1187 4875 1262 4930 non.
1275 4857 1367 4949 capit
1386 4854 1537 4934 nunt·
1559 4857 1686 4933 solertia
1700 4864 1820 4938 ments
1839 4856 1944 4941 huo,
2057 4884 2064 4896 ·

401 4974 520 5051 traque
621 4975 625 4984 ·
1386 4999 1392 5010 ·
1636 5007 1641 5016 .
1669 4987 1692 5014 ·.
1777 5015 1784 5028 .

1110 5047 1167 5124 Za
1189 5066 1238 5124 aa
1262 5069 1286 5125 a
1615 5050 1650 5144 ς.
1674 5037 1919 5122 MDCCCIX.
