<?xml version="1.0" encoding="UTF-8"?>
<!DOCTYPE html PUBLIC "-//W3C//DTD XHTML 1.0 Transitional//EN"
    "http://www.w3.org/TR/xhtml1/DTD/xhtml1-transitional.dtd">
<html xmlns="http://www.w3.org/1999/xhtml" xml:lang="en" lang="en">
 <head>
  <title>
</title>
<meta http-equiv="Content-Type" content="text/html;charset=utf-8" />
  <meta name='ocr-system' content='tesseract 3.04.00' />
  <meta name='ocr-capabilities' content='ocr_page ocr_carea ocr_par ocr_line ocrx_word'/>
</head>
<body>
  <div class='ocr_page' id='page_1' title='image "./introductioadph00lulogoog_0131.png"; bbox 0 0 4992 6767; ppageno 0'>
   <div class='ocr_carea' id='block_1_1' title="bbox 846 637 1934 784">
    <p class='ocr_par' dir='ltr' id='par_1_1' title="bbox 846 637 1934 784">
     <span class='ocr_line' id='line_1_1' title="bbox 846 637 1934 784; baseline 0 -26"><span class='ocrx_word' id='word_1_1' title='bbox 846 668 986 758; x_wconf 74' lang='lat' dir='ltr'>ua</span> <span class='ocrx_word' id='word_1_2' title='bbox 1135 669 1480 784; x_wconf 73' lang='lat' dir='ltr'>noun</span> <span class='ocrx_word' id='word_1_3' title='bbox 1847 693 1934 774; x_wconf 57' lang='lat' dir='ltr'>m</span> 
     </span>
    </p>
   </div>
   <div class='ocr_carea' id='block_1_2' title="bbox 404 863 1927 1064">
    <p class='ocr_par' dir='ltr' id='par_1_2' title="bbox 404 863 1927 1064">
     <span class='ocr_line' id='line_1_2' title="bbox 404 863 1927 968; baseline -0.003 -19"><span class='ocrx_word' id='word_1_4' title='bbox 404 874 487 950; x_wconf 78' lang='lat' dir='ltr'>scale</span> <span class='ocrx_word' id='word_1_5' title='bbox 508 868 697 947; x_wconf 82' lang='lat' dir='ltr'>Reaumurii</span> <span class='ocrx_word' id='word_1_6' title='bbox 723 864 845 938; x_wconf 83' lang='lat' dir='ltr'>steterit</span> <span class='ocrx_word' id='word_1_7' title='bbox 868 863 964 958; x_wconf 83' lang='lat' dir='ltr'>(a).</span> <span class='ocrx_word' id='word_1_8' title='bbox 1014 863 1171 956; x_wconf 89' lang='lat' dir='ltr'>Idemque</span> <span class='ocrx_word' id='word_1_9' title='bbox 1192 887 1261 937; x_wconf 90' lang='lat' dir='ltr'>non</span> <span class='ocrx_word' id='word_1_10' title='bbox 1279 888 1370 950; x_wconf 90' lang='lat' dir='ltr'>uno,</span> <span class='ocrx_word' id='word_1_11' title='bbox 1398 869 1450 939; x_wconf 89' lang='lat' dir='ltr'>scd</span> <span class='ocrx_word' id='word_1_12' title='bbox 1474 869 1620 959; x_wconf 89' lang='lat' dir='ltr'>pluribus</span> <span class='ocrx_word' id='word_1_13' title='bbox 1642 873 1736 943; x_wconf 84' lang='lat' dir='ltr'>annis</span> <span class='ocrx_word' id='word_1_14' title='bbox 1760 886 1927 968; x_wconf 67' lang='lat' dir='ltr'>comperig</span> 
     </span>
     <span class='ocr_line' id='line_1_3' title="bbox 405 961 1924 1064; baseline -0.003 -15"><span class='ocrx_word' id='word_1_15' title='bbox 405 971 498 1048; x_wconf 92' lang='lat' dir='ltr'>Cum</span> <span class='ocrx_word' id='word_1_16' title='bbox 518 971 602 1042; x_wconf 91' lang='lat' dir='ltr'>enim</span> <span class='ocrx_word' id='word_1_17' title='bbox 631 965 825 1058; x_wconf 89' lang='lat' dir='ltr'>plerumque</span> <span class='ocrx_word' id='word_1_18' title='bbox 849 965 966 1058; x_wconf 89' lang='lat' dir='ltr'>gelat,</span> <span class='ocrx_word' id='word_1_19' title='bbox 999 961 1171 1033; x_wconf 86' lang='lat' dir='ltr'>Mercurio</span> <span class='ocrx_word' id='word_1_20' title='bbox 1202 962 1303 1034; x_wconf 91' lang='lat' dir='ltr'>stante</span> <span class='ocrx_word' id='word_1_21' title='bbox 1335 964 1509 1036; x_wconf 88' lang='lat' dir='ltr'>secundum</span> <span class='ocrx_word' id='word_1_22' title='bbox 1535 966 1649 1037; x_wconf 89' lang='lat' dir='ltr'>scalam</span> <span class='ocrx_word' id='word_1_23' title='bbox 1674 967 1924 1064; x_wconf 83' lang='lat' dir='ltr'>Fahrenbeytii,</span> 
     </span>
    </p>
   </div>
   <div class='ocr_carea' id='block_1_3' title="bbox 403 1061 2059 1168">
    <p class='ocr_par' dir='ltr' id='par_1_3' title="bbox 403 1061 2059 1168">
     <span class='ocr_line' id='line_1_4' title="bbox 403 1061 2059 1168; baseline 0 -27"><span class='ocrx_word' id='word_1_24' title='bbox 403 1073 438 1142; x_wconf 89' lang='lat' dir='ltr'>in</span> <span class='ocrx_word' id='word_1_25' title='bbox 460 1067 558 1168; x_wconf 85' lang='lat' dir='ltr'>gradu</span> <span class='ocrx_word' id='word_1_26' title='bbox 583 1086 664 1157; x_wconf 62' lang='lat'>32„</span> <span class='ocrx_word' id='word_1_27' title='bbox 690 1061 876 1158; x_wconf 84' lang='lat' dir='ltr'>regelatque</span> <span class='ocrx_word' id='word_1_28' title='bbox 899 1063 933 1130; x_wconf 92' lang='lat' dir='ltr'>in</span> <span class='ocrx_word' id='word_1_29' title='bbox 957 1061 1059 1156; x_wconf 88' lang='lat' dir='ltr'>gradu</span> <span class='ocrx_word' id='word_1_30' title='bbox 1087 1081 1168 1151; x_wconf 81' lang='lat'>33.,</span> <span class='ocrx_word' id='word_1_31' title='bbox 1193 1062 1302 1132; x_wconf 89' lang='lat' dir='ltr'>notavi</span> <span class='ocrx_word' id='word_1_32' title='bbox 1325 1064 1469 1152; x_wconf 89' lang='lat' dir='ltr'>quodam</span> <span class='ocrx_word' id='word_1_33' title='bbox 1495 1085 1642 1154; x_wconf 86' lang='lat' dir='ltr'>tempore</span> <span class='ocrx_word' id='word_1_34' title='bbox 1665 1066 1761 1161; x_wconf 86' lang='lat' dir='ltr'>gelu,</span> <span class='ocrx_word' id='word_1_35' title='bbox 1787 1069 1924 1144; x_wconf 89' lang='lat' dir='ltr'>Mercu·</span> <span class='ocrx_word' id='word_1_36' title='bbox 2053 1083 2059 1096; x_wconf 83' lang='lat'>&#39;</span> 
     </span>
    </p>
   </div>
   <div class='ocr_carea' id='block_1_4' title="bbox 398 1155 2024 2332">
    <p class='ocr_par' dir='ltr' id='par_1_4' title="bbox 398 1155 2024 2332">
     <span class='ocr_line' id='line_1_5' title="bbox 404 1155 1925 1258; baseline -0.001 -18"><span class='ocrx_word' id='word_1_37' title='bbox 404 1169 453 1240; x_wconf 91' lang='lat' dir='ltr'>tio</span> <span class='ocrx_word' id='word_1_38' title='bbox 475 1165 639 1236; x_wconf 83' lang='lat' dir='ltr'>indicante</span> <span class='ocrx_word' id='word_1_39' title='bbox 661 1161 796 1256; x_wconf 85' lang='lat' dir='ltr'>gradum</span> <span class='ocrx_word' id='word_1_40' title='bbox 821 1158 900 1251; x_wconf 69' lang='lat'>36„</span> <span class='ocrx_word' id='word_1_41' title='bbox 925 1155 1051 1228; x_wconf 85' lang='lat' dir='ltr'>imo&amp;</span> <span class='ocrx_word' id='word_1_42' title='bbox 1077 1180 1158 1248; x_wconf 91' lang='lat'>41.‚</span> <span class='ocrx_word' id='word_1_43' title='bbox 1182 1158 1261 1229; x_wconf 93' lang='lat' dir='ltr'>licct</span> <span class='ocrx_word' id='word_1_44' title='bbox 1283 1157 1348 1229; x_wconf 92' lang='lat' dir='ltr'>hoc</span> <span class='ocrx_word' id='word_1_45' title='bbox 1373 1165 1493 1230; x_wconf 85' lang='lat' dir='ltr'>rarius:</span> <span class='ocrx_word' id='word_1_46' title='bbox 1519 1163 1583 1232; x_wconf 91' lang='lat' dir='ltr'>vidi</span> <span class='ocrx_word' id='word_1_47' title='bbox 1608 1163 1675 1234; x_wconf 89' lang='lat' dir='ltr'>alio</span> <span class='ocrx_word' id='word_1_48' title='bbox 1700 1184 1849 1258; x_wconf 85' lang='lat' dir='ltr'>tempore</span> <span class='ocrx_word' id='word_1_49' title='bbox 1872 1191 1925 1240; x_wconf 86' lang='lat' dir='ltr'>te·</span> 
     </span>
     <span class='ocr_line' id='line_1_6' title="bbox 401 1253 1923 1360; baseline 0.004 -28"><span class='ocrx_word' id='word_1_50' title='bbox 401 1262 517 1360; x_wconf 87' lang='lat' dir='ltr'>gelasse</span> <span class='ocrx_word' id='word_1_51' title='bbox 542 1257 578 1332; x_wconf 80' lang='lat' dir='ltr'>dt</span> <span class='ocrx_word' id='word_1_52' title='bbox 600 1257 740 1351; x_wconf 87' lang='lat' dir='ltr'>pluisse,</span> <span class='ocrx_word' id='word_1_53' title='bbox 771 1257 873 1327; x_wconf 88' lang='lat' dir='ltr'>stante</span> <span class='ocrx_word' id='word_1_54' title='bbox 901 1253 1073 1327; x_wconf 85' lang='lat' dir='ltr'>Mercurio</span> <span class='ocrx_word' id='word_1_55' title='bbox 1105 1254 1215 1327; x_wconf 90' lang='lat' dir='ltr'>multis</span> <span class='ocrx_word' id='word_1_56' title='bbox 1243 1254 1331 1327; x_wconf 92' lang='lat' dir='ltr'>boris</span> <span class='ocrx_word' id='word_1_57' title='bbox 1354 1260 1387 1326; x_wconf 93' lang='lat' dir='ltr'>in</span> <span class='ocrx_word' id='word_1_58' title='bbox 1413 1260 1515 1353; x_wconf 89' lang='lat' dir='ltr'>gradu</span> <span class='ocrx_word' id='word_1_59' title='bbox 1543 1260 1610 1345; x_wconf 85' lang='lat'>28,</span> <span class='ocrx_word' id='word_1_60' title='bbox 1638 1281 1706 1351; x_wconf 80' lang='lat'>29,</span> <span class='ocrx_word' id='word_1_61' title='bbox 1734 1283 1790 1356; x_wconf 76' lang='lat'>30.</span> <span class='ocrx_word' id='word_1_62' title='bbox 1815 1263 1923 1338; x_wconf 85' lang='lat' dir='ltr'>Annis</span> 
     </span>
     <span class='ocr_line' id='line_1_7' title="bbox 405 1352 1923 1455; baseline 0.003 -23"><span class='ocrx_word' id='word_1_63' title='bbox 405 1379 509 1455; x_wconf 78' lang='lat'>1739.</span> <span class='ocrx_word' id='word_1_64' title='bbox 535 1377 640 1450; x_wconf 83' lang='lat'>1753.</span> <span class='ocrx_word' id='word_1_65' title='bbox 666 1373 771 1450; x_wconf 82' lang='lat'><em>1755.</em></span> <span class='ocrx_word' id='word_1_66' title='bbox 796 1357 830 1425; x_wconf 92' lang='lat' dir='ltr'>in</span> <span class='ocrx_word' id='word_1_67' title='bbox 856 1374 924 1444; x_wconf 92' lang='lat' dir='ltr'>quo</span> <span class='ocrx_word' id='word_1_68' title='bbox 949 1352 1069 1448; x_wconf 83' lang='lat' dir='ltr'>frigore</span> <span class='ocrx_word' id='word_1_69' title='bbox 1093 1356 1283 1444; x_wconf 81' lang='lat' dir='ltr'>ceteroquin</span> <span class='ocrx_word' id='word_1_70' title='bbox 1308 1353 1405 1424; x_wconf 84' lang='lat' dir='ltr'>emisa</span> <span class='ocrx_word' id='word_1_71' title='bbox 1435 1362 1615 1428; x_wconf 86' lang='lat' dir='ltr'>concrescit</span> <span class='ocrx_word' id='word_1_72' title='bbox 1647 1360 1792 1454; x_wconf 75' lang='lat' dir='ltr'>glacies:</span> <span class='ocrx_word' id='word_1_73' title='bbox 1827 1363 1923 1436; x_wconf 89' lang='lat' dir='ltr'>Anni</span> 
     </span>
     <span class='ocr_line' id='line_1_8' title="bbox 405 1450 1919 1552; baseline 0.001 -27"><span class='ocrx_word' id='word_1_74' title='bbox 405 1476 511 1550; x_wconf 80' lang='lat'>1743.</span> <span class='ocrx_word' id='word_1_75' title='bbox 538 1455 676 1526; x_wconf 75' lang='lat' dir='ltr'>Ostobri</span> <span class='ocrx_word' id='word_1_76' title='bbox 702 1473 771 1544; x_wconf 77' lang='lat'>25,</span> <span class='ocrx_word' id='word_1_77' title='bbox 800 1450 867 1534; x_wconf 78' lang='lat'>26,</span> <span class='ocrx_word' id='word_1_78' title='bbox 895 1470 951 1544; x_wconf 84' lang='lat'>27.</span> <span class='ocrx_word' id='word_1_79' title='bbox 978 1451 1265 1534; x_wconf 72' lang='lat' dir='ltr'>&#39;lbermometmm</span> <span class='ocrx_word' id='word_1_80' title='bbox 1282 1453 1381 1521; x_wconf 72' lang='lat' dir='ltr'>noda</span> <span class='ocrx_word' id='word_1_81' title='bbox 1396 1452 1496 1524; x_wconf 86' lang='lat' dir='ltr'>stabat</span> <span class='ocrx_word' id='word_1_82' title='bbox 1510 1458 1543 1526; x_wconf 89' lang='lat' dir='ltr'>in</span> <span class='ocrx_word' id='word_1_83' title='bbox 1554 1457 1656 1550; x_wconf 90' lang='lat' dir='ltr'>gradu</span> <span class='ocrx_word' id='word_1_84' title='bbox 1671 1458 1738 1547; x_wconf 84' lang='lat'>36,</span> <span class='ocrx_word' id='word_1_85' title='bbox 1767 1480 1833 1552; x_wconf 80' lang='lat'>34,</span> <span class='ocrx_word' id='word_1_86' title='bbox 1860 1462 1919 1552; x_wconf 81' lang='lat'>3⁶·</span> 
     </span>
     <span class='ocr_line' id='line_1_9' title="bbox 402 1547 1919 1646; baseline 0.004 -20"><span class='ocrx_word' id='word_1_87' title='bbox 402 1553 507 1627; x_wconf 86' lang='lat' dir='ltr'>flante</span> <span class='ocrx_word' id='word_1_88' title='bbox 534 1552 656 1638; x_wconf 85' lang='lat' dir='ltr'>Euro,</span> <span class='ocrx_word' id='word_1_89' title='bbox 687 1549 820 1642; x_wconf 91' lang='lat' dir='ltr'>quando</span> <span class='ocrx_word' id='word_1_90' title='bbox 846 1547 932 1619; x_wconf 79' lang='lat' dir='ltr'>sossae</span> <span class='ocrx_word' id='word_1_91' title='bbox 962 1549 1078 1638; x_wconf 84' lang='lat' dir='ltr'>amplae</span> <span class='ocrx_word' id='word_1_92' title='bbox 1112 1547 1300 1619; x_wconf 74' lang='lat' dir='ltr'>suburbanae</span> <span class='ocrx_word' id='word_1_93' title='bbox 1332 1547 1517 1638; x_wconf 85' lang='lat' dir='ltr'>Leydenses</span> <span class='ocrx_word' id='word_1_94' title='bbox 1548 1552 1652 1646; x_wconf 86' lang='lat' dir='ltr'>glacie</span> <span class='ocrx_word' id='word_1_95' title='bbox 1675 1576 1919 1631; x_wconf 84' lang='lat' dir='ltr'>concreverant.</span> 
     </span>
     <span class='ocr_line' id='line_1_10' title="bbox 399 1645 1921 1748; baseline 0.001 -25"><span class='ocrx_word' id='word_1_96' title='bbox 399 1652 492 1724; x_wconf 80' lang='lat' dir='ltr'>Anni</span> <span class='ocrx_word' id='word_1_97' title='bbox 525 1669 627 1745; x_wconf 82' lang='lat'>1757.</span> <span class='ocrx_word' id='word_1_98' title='bbox 654 1647 806 1742; x_wconf 86' lang='lat' dir='ltr'>Januatio</span> <span class='ocrx_word' id='word_1_99' title='bbox 838 1668 895 1716; x_wconf 84' lang='lat'>20.</span> <span class='ocrx_word' id='word_1_100' title='bbox 920 1645 1075 1717; x_wconf 89' lang='lat' dir='ltr'>subiverat</span> <span class='ocrx_word' id='word_1_101' title='bbox 1093 1645 1278 1716; x_wconf 87' lang='lat' dir='ltr'>Mercurius</span> <span class='ocrx_word' id='word_1_102' title='bbox 1304 1645 1589 1719; x_wconf 88' lang='lat' dir='ltr'>Thermometrum</span> <span class='ocrx_word' id='word_1_103' title='bbox 1613 1651 1654 1719; x_wconf 92' lang='lat' dir='ltr'>ad</span> <span class='ocrx_word' id='word_1_104' title='bbox 1678 1653 1813 1746; x_wconf 86' lang='lat' dir='ltr'>gradum</span> <span class='ocrx_word' id='word_1_105' title='bbox 1841 1676 1921 1748; x_wconf 81' lang='grc'>35,</span> 
     </span>
     <span class='ocr_line' id='line_1_11' title="bbox 400 1741 1924 1842; baseline 0.004 -23"><span class='ocrx_word' id='word_1_106' title='bbox 400 1748 525 1840; x_wconf 81' lang='lat' dir='ltr'>Leydae</span> <span class='ocrx_word' id='word_1_107' title='bbox 549 1752 582 1818; x_wconf 89' lang='lat' dir='ltr'>in</span> <span class='ocrx_word' id='word_1_108' title='bbox 605 1744 769 1818; x_wconf 89' lang='lat' dir='ltr'>nonnullis</span> <span class='ocrx_word' id='word_1_109' title='bbox 786 1743 868 1814; x_wconf 91' lang='lat' dir='ltr'>locis</span> <span class='ocrx_word' id='word_1_110' title='bbox 889 1742 1035 1838; x_wconf 87' lang='lat' dir='ltr'>gelabat,</span> <span class='ocrx_word' id='word_1_111' title='bbox 1062 1745 1094 1812; x_wconf 92' lang='lat' dir='ltr'>in</span> <span class='ocrx_word' id='word_1_112' title='bbox 1117 1741 1186 1812; x_wconf 91' lang='lat' dir='ltr'>aliis</span> <span class='ocrx_word' id='word_1_113' title='bbox 1209 1764 1298 1837; x_wconf 87' lang='lat' dir='ltr'>non,</span> <span class='ocrx_word' id='word_1_114' title='bbox 1325 1744 1461 1833; x_wconf 84' lang='lat' dir='ltr'>spirante</span> <span class='ocrx_word' id='word_1_115' title='bbox 1485 1745 1654 1817; x_wconf 89' lang='lat' dir='ltr'>Favonio:</span> <span class='ocrx_word' id='word_1_116' title='bbox 1680 1748 1733 1818; x_wconf 93' lang='lat' dir='ltr'>die</span> <span class='ocrx_word' id='word_1_117' title='bbox 1754 1762 1804 1842; x_wconf 78' lang='lat'>5⁰.</span> <span class='ocrx_word' id='word_1_118' title='bbox 1824 1752 1924 1826; x_wconf 86' lang='lat' dir='ltr'>Febr.</span> 
     </span>
     <span class='ocr_line' id='line_1_12' title="bbox 400 1839 1924 1938; baseline 0.001 -18"><span class='ocrx_word' id='word_1_119' title='bbox 400 1845 556 1938; x_wconf 82' lang='lat' dir='ltr'>pluebat,</span> <span class='ocrx_word' id='word_1_120' title='bbox 583 1843 682 1915; x_wconf 89' lang='lat' dir='ltr'>stante</span> <span class='ocrx_word' id='word_1_121' title='bbox 707 1841 877 1913; x_wconf 86' lang='lat' dir='ltr'>Mercurio</span> <span class='ocrx_word' id='word_1_122' title='bbox 902 1842 936 1911; x_wconf 92' lang='lat' dir='ltr'>in</span> <span class='ocrx_word' id='word_1_123' title='bbox 961 1842 1061 1936; x_wconf 87' lang='lat' dir='ltr'>gradu</span> <span class='ocrx_word' id='word_1_124' title='bbox 1088 1859 1165 1930; x_wconf 76' lang='lat' dir='ltr'>go:</span> <span class='ocrx_word' id='word_1_125' title='bbox 1191 1839 1335 1930; x_wconf 87' lang='lat' dir='ltr'>sequenti</span> <span class='ocrx_word' id='word_1_126' title='bbox 1361 1863 1457 1911; x_wconf 93' lang='lat' dir='ltr'>mane</span> <span class='ocrx_word' id='word_1_127' title='bbox 1481 1844 1666 1938; x_wconf 86' lang='lat' dir='ltr'>regelabat,</span> <span class='ocrx_word' id='word_1_128' title='bbox 1689 1844 1859 1919; x_wconf 87' lang='lat' dir='ltr'>Mercurio</span> <span class='ocrx_word' id='word_1_129' title='bbox 1875 1853 1924 1922; x_wconf 94' lang='lat' dir='ltr'>in·</span> 
     </span>
     <span class='ocr_line' id='line_1_13' title="bbox 402 1935 2024 2038; baseline 0.003 -25"><span class='ocrx_word' id='word_1_130' title='bbox 402 1943 531 2015; x_wconf 87' lang='lat' dir='ltr'>dicante</span> <span class='ocrx_word' id='word_1_131' title='bbox 551 1942 688 2038; x_wconf 90' lang='lat' dir='ltr'>gradum</span> <span class='ocrx_word' id='word_1_132' title='bbox 715 1959 771 2030; x_wconf 78' lang='lat'>32.</span> <span class='ocrx_word' id='word_1_133' title='bbox 798 1935 864 2008; x_wconf 94' lang='lat' dir='ltr'>Die</span> <span class='ocrx_word' id='word_1_134' title='bbox 893 1959 947 2008; x_wconf 85' lang='lat'>12.</span> <span class='ocrx_word' id='word_1_135' title='bbox 968 1938 1080 2007; x_wconf 89' lang='lat' dir='ltr'>Martii</span> <span class='ocrx_word' id='word_1_136' title='bbox 1103 1936 1230 2030; x_wconf 86' lang='lat' dir='ltr'>geiabat</span> <span class='ocrx_word' id='word_1_137' title='bbox 1255 1937 1357 2008; x_wconf 84' lang='lat' dir='ltr'>flante</span> <span class='ocrx_word' id='word_1_138' title='bbox 1383 1937 1553 2024; x_wconf 89' lang='lat' dir='ltr'>Favonio,</span> <span class='ocrx_word' id='word_1_139' title='bbox 1587 1941 1686 2011; x_wconf 86' lang='lat' dir='ltr'>stabat</span> <span class='ocrx_word' id='word_1_140' title='bbox 1710 1965 1805 2014; x_wconf 90' lang='lat' dir='ltr'>mane</span> <span class='ocrx_word' id='word_1_141' title='bbox 1831 1945 1926 2018; x_wconf 91' lang='lat' dir='ltr'>Mer·</span> <span class='ocrx_word' id='word_1_142' title='bbox 2019 1981 2024 1988; x_wconf 96' lang='lat'>·</span> 
     </span>
     <span class='ocr_line' id='line_1_14' title="bbox 398 2035 1923 2138; baseline 0.001 -24"><span class='ocrx_word' id='word_1_143' title='bbox 398 2045 508 2114; x_wconf 91' lang='lat' dir='ltr'>curius</span> <span class='ocrx_word' id='word_1_144' title='bbox 532 2042 564 2109; x_wconf 92' lang='lat' dir='ltr'>in</span> <span class='ocrx_word' id='word_1_145' title='bbox 587 2037 687 2133; x_wconf 87' lang='lat' dir='ltr'>gradu</span> <span class='ocrx_word' id='word_1_146' title='bbox 714 2036 787 2128; x_wconf 80' lang='lat'><strong>36.:</strong></span> <span class='ocrx_word' id='word_1_147' title='bbox 814 2056 919 2127; x_wconf 92' lang='lat' dir='ltr'>prope</span> <span class='ocrx_word' id='word_1_148' title='bbox 945 2035 1113 2105; x_wconf 88' lang='lat' dir='ltr'>meridiem</span> <span class='ocrx_word' id='word_1_149' title='bbox 1138 2036 1171 2105; x_wconf 89' lang='lat' dir='ltr'>in</span> <span class='ocrx_word' id='word_1_150' title='bbox 1198 2035 1298 2129; x_wconf 84' lang='lat' dir='ltr'>gradu</span> <span class='ocrx_word' id='word_1_151' title='bbox 1324 2057 1407 2126; x_wconf 90' lang='lat'>40.,</span> <span class='ocrx_word' id='word_1_152' title='bbox 1431 2036 1566 2107; x_wconf 81' lang='lat' dir='ltr'>durante</span> <span class='ocrx_word' id='word_1_153' title='bbox 1591 2038 1800 2112; x_wconf 90' lang='lat' dir='ltr'>nihilominus</span> <span class='ocrx_word' id='word_1_154' title='bbox 1824 2044 1923 2138; x_wconf 92' lang='lat' dir='ltr'>gelu,</span> 
     </span>
     <span class='ocr_line' id='line_1_15' title="bbox 402 2131 1924 2232; baseline 0.003 -23"><span class='ocrx_word' id='word_1_155' title='bbox 402 2139 457 2209; x_wconf 92' lang='lat' dir='ltr'>sed</span> <span class='ocrx_word' id='word_1_156' title='bbox 482 2137 605 2227; x_wconf 90' lang='lat' dir='ltr'>aliquot</span> <span class='ocrx_word' id='word_1_157' title='bbox 630 2135 745 2204; x_wconf 93' lang='lat' dir='ltr'>diebus</span> <span class='ocrx_word' id='word_1_158' title='bbox 771 2131 971 2224; x_wconf 86' lang='lat' dir='ltr'>praecesserat</span> <span class='ocrx_word' id='word_1_159' title='bbox 995 2133 1083 2228; x_wconf 90' lang='lat' dir='ltr'>gelu.</span> <span class='ocrx_word' id='word_1_160' title='bbox 1112 2132 1216 2203; x_wconf 88' lang='lat' dir='ltr'>Anno</span> <span class='ocrx_word' id='word_1_161' title='bbox 1247 2153 1352 2225; x_wconf 81' lang='lat'><em>1757·</em></span> <span class='ocrx_word' id='word_1_162' title='bbox 1378 2131 1575 2205; x_wconf 88' lang='lat' dir='ltr'>Decembris</span> <span class='ocrx_word' id='word_1_163' title='bbox 1602 2155 1678 2226; x_wconf 76' lang='lat'><strong>240.</strong></span> <span class='ocrx_word' id='word_1_164' title='bbox 1702 2138 1865 2232; x_wconf 86' lang='lat' dir='ltr'>regelabat</span> <span class='ocrx_word' id='word_1_165' title='bbox 1889 2145 1924 2215; x_wconf 91' lang='lat' dir='ltr'>in</span> 
     </span>
     <span class='ocr_line' id='line_1_16' title="bbox 402 2226 1927 2332; baseline 0.001 -27"><span class='ocrx_word' id='word_1_166' title='bbox 402 2234 502 2332; x_wconf 82' lang='lat' dir='ltr'>gradu</span> <span class='ocrx_word' id='word_1_167' title='bbox 526 2253 608 2324; x_wconf 62' lang='lat'>32„</span> <span class='ocrx_word' id='word_1_168' title='bbox 644 2253 721 2303; x_wconf 92' lang='lat' dir='ltr'>cum</span> <span class='ocrx_word' id='word_1_169' title='bbox 749 2230 868 2301; x_wconf 87' lang='lat' dir='ltr'>nebula</span> <span class='ocrx_word' id='word_1_170' title='bbox 895 2226 1047 2300; x_wconf 86' lang='lat' dir='ltr'>densa&amp;</span> <span class='ocrx_word' id='word_1_171' title='bbox 1081 2227 1180 2300; x_wconf 86' lang='lat' dir='ltr'>flante</span> <span class='ocrx_word' id='word_1_172' title='bbox 1205 2229 1372 2319; x_wconf 87' lang='lat' dir='ltr'>Zephyro.</span> <span class='ocrx_word' id='word_1_173' title='bbox 1397 2232 1500 2302; x_wconf 84' lang='lat' dir='ltr'>Anno</span> <span class='ocrx_word' id='word_1_174' title='bbox 1527 2235 1632 2324; x_wconf 85' lang='lat'>1758.</span> <span class='ocrx_word' id='word_1_175' title='bbox 1656 2231 1823 2307; x_wconf 90' lang='lat' dir='ltr'>Februarii</span> <span class='ocrx_word' id='word_1_176' title='bbox 1848 2259 1927 2330; x_wconf 72' lang='grc' dir='ltr'><strong>5ο.,</strong></span> 
     </span>
    </p>
   </div>
   <div class='ocr_carea' id='block_1_5' title="bbox 399 2324 2057 2428">
    <p class='ocr_par' dir='ltr' id='par_1_5' title="bbox 399 2324 2057 2428">
     <span class='ocr_line' id='line_1_17' title="bbox 399 2324 2057 2428; baseline -0.001 -24"><span class='ocrx_word' id='word_1_177' title='bbox 399 2351 467 2404; x_wconf 89' lang='lat' dir='ltr'>erat</span> <span class='ocrx_word' id='word_1_178' title='bbox 492 2330 677 2402; x_wconf 90' lang='lat' dir='ltr'>Mercurius</span> <span class='ocrx_word' id='word_1_179' title='bbox 699 2333 733 2399; x_wconf 90' lang='lat' dir='ltr'>in</span> <span class='ocrx_word' id='word_1_180' title='bbox 755 2327 856 2422; x_wconf 85' lang='lat' dir='ltr'>gradu</span> <span class='ocrx_word' id='word_1_181' title='bbox 884 2347 964 2417; x_wconf 86' lang='lat'>34.,</span> <span class='ocrx_word' id='word_1_182' title='bbox 988 2324 1104 2396; x_wconf 90' lang='lat' dir='ltr'>caelum</span> <span class='ocrx_word' id='word_1_183' title='bbox 1126 2344 1194 2396; x_wconf 87' lang='lat' dir='ltr'>erat</span> <span class='ocrx_word' id='word_1_184' title='bbox 1217 2327 1362 2413; x_wconf 88' lang='lat' dir='ltr'>ficcum,</span> <span class='ocrx_word' id='word_1_185' title='bbox 1388 2326 1524 2416; x_wconf 84' lang='lat' dir='ltr'>spirabat</span> <span class='ocrx_word' id='word_1_186' title='bbox 1548 2328 1688 2412; x_wconf 91' lang='lat' dir='ltr'>Corus,</span> <span class='ocrx_word' id='word_1_187' title='bbox 1715 2352 1777 2401; x_wconf 90' lang='lat' dir='ltr'>nec</span> <span class='ocrx_word' id='word_1_188' title='bbox 1801 2335 1930 2428; x_wconf 51' lang='lat' dir='ltr'>regei&amp;</span> <span class='ocrx_word' id='word_1_189' title='bbox 2052 2353 2057 2360; x_wconf 91' lang='lat'>·</span> 
     </span>
    </p>
   </div>
   <div class='ocr_carea' id='block_1_6' title="bbox 398 2422 2024 3474">
    <p class='ocr_par' dir='ltr' id='par_1_6' title="bbox 398 2422 2024 3474">
     <span class='ocr_line' id='line_1_18' title="bbox 399 2422 1925 2517; baseline -0.003 -15"><span class='ocrx_word' id='word_1_190' title='bbox 399 2431 475 2514; x_wconf 82' lang='lat' dir='ltr'>bat,</span> <span class='ocrx_word' id='word_1_191' title='bbox 499 2427 689 2516; x_wconf 83' lang='lat' dir='ltr'>lapidesque</span> <span class='ocrx_word' id='word_1_192' title='bbox 712 2423 768 2492; x_wconf 94' lang='lat' dir='ltr'>sub</span> <span class='ocrx_word' id='word_1_193' title='bbox 785 2424 841 2491; x_wconf 92' lang='lat' dir='ltr'>dio</span> <span class='ocrx_word' id='word_1_194' title='bbox 863 2443 979 2491; x_wconf 89' lang='lat' dir='ltr'>omnes</span> <span class='ocrx_word' id='word_1_195' title='bbox 996 2424 1067 2492; x_wconf 85' lang='lat' dir='ltr'>ficci</span> <span class='ocrx_word' id='word_1_196' title='bbox 1085 2442 1187 2492; x_wconf 89' lang='lat' dir='ltr'>erant.</span> <span class='ocrx_word' id='word_1_197' title='bbox 1235 2422 1350 2493; x_wconf 75' lang='lat' dir='ltr'>Noiiu</span> <span class='ocrx_word' id='word_1_198' title='bbox 1374 2422 1540 2496; x_wconf 85' lang='lat' dir='ltr'>Februarii</span> <span class='ocrx_word' id='word_1_199' title='bbox 1571 2447 1642 2496; x_wconf 82' lang='lat'>11⁰.</span> <span class='ocrx_word' id='word_1_200' title='bbox 1668 2427 1772 2499; x_wconf 89' lang='lat' dir='ltr'>flante</span> <span class='ocrx_word' id='word_1_201' title='bbox 1788 2428 1925 2517; x_wconf 88' lang='lat' dir='ltr'>Asrico,</span> 
     </span>
     <span class='ocr_line' id='line_1_19' title="bbox 399 2517 1924 2620; baseline -0.003 -22"><span class='ocrx_word' id='word_1_202' title='bbox 399 2545 469 2598; x_wconf 84' lang='lat' dir='ltr'>emt</span> <span class='ocrx_word' id='word_1_203' title='bbox 492 2523 679 2594; x_wconf 87' lang='lat' dir='ltr'>Mercurius</span> <span class='ocrx_word' id='word_1_204' title='bbox 701 2521 735 2588; x_wconf 92' lang='lat' dir='ltr'>in</span> <span class='ocrx_word' id='word_1_205' title='bbox 760 2517 860 2611; x_wconf 88' lang='lat' dir='ltr'>gradu</span> <span class='ocrx_word' id='word_1_206' title='bbox 886 2538 967 2608; x_wconf 57' lang='lat'>37„</span> <span class='ocrx_word' id='word_1_207' title='bbox 1002 2540 1069 2608; x_wconf 93' lang='lat' dir='ltr'>quo</span> <span class='ocrx_word' id='word_1_208' title='bbox 1095 2538 1244 2607; x_wconf 87' lang='lat' dir='ltr'>ternpore</span> <span class='ocrx_word' id='word_1_209' title='bbox 1270 2542 1338 2590; x_wconf 93' lang='lat' dir='ltr'>non</span> <span class='ocrx_word' id='word_1_210' title='bbox 1363 2542 1477 2611; x_wconf 89' lang='lat' dir='ltr'>parum</span> <span class='ocrx_word' id='word_1_211' title='bbox 1501 2522 1640 2618; x_wconf 89' lang='lat' dir='ltr'>gelabat.</span> <span class='ocrx_word' id='word_1_212' title='bbox 1674 2524 1775 2597; x_wconf 89' lang='lat' dir='ltr'>Anno</span> <span class='ocrx_word' id='word_1_213' title='bbox 1820 2545 1924 2620; x_wconf 82' lang='lat'>1759·</span> 
     </span>
     <span class='ocr_line' id='line_1_20' title="bbox 400 2613 1925 2720; baseline -0.011 -12"><span class='ocrx_word' id='word_1_214' title='bbox 400 2622 516 2694; x_wconf 64' lang='lat' dir='ltr'>diebus</span> <span class='ocrx_word' id='word_1_215' title='bbox 545 2638 610 2704; x_wconf 84' lang='lat'>13,</span> <span class='ocrx_word' id='word_1_216' title='bbox 642 2633 708 2704; x_wconf 73' lang='lat'>¹52</span> <span class='ocrx_word' id='word_1_217' title='bbox 739 2615 801 2692; x_wconf 82' lang='lat'>18,</span> <span class='ocrx_word' id='word_1_218' title='bbox 828 2635 884 2681; x_wconf 83' lang='lat'>20·</span> <span class='ocrx_word' id='word_1_219' title='bbox 910 2613 1075 2682; x_wconf 80' lang='lat' dir='ltr'>Februarii</span> <span class='ocrx_word' id='word_1_220' title='bbox 1098 2617 1199 2683; x_wconf 74' lang='lat' dir='ltr'>nostu</span> <span class='ocrx_word' id='word_1_221' title='bbox 1221 2617 1368 2708; x_wconf 87' lang='lat' dir='ltr'>gtiabat,</span> <span class='ocrx_word' id='word_1_222' title='bbox 1393 2619 1493 2688; x_wconf 87' lang='lat' dir='ltr'>stante</span> <span class='ocrx_word' id='word_1_223' title='bbox 1518 2620 1770 2694; x_wconf 80' lang='lat' dir='ltr'>&#39;l&#39;hermometro</span> <span class='ocrx_word' id='word_1_224' title='bbox 1794 2626 1828 2695; x_wconf 91' lang='lat' dir='ltr'>in</span> <span class='ocrx_word' id='word_1_225' title='bbox 1852 2647 1925 2720; x_wconf 83' lang='lat' dir='ltr'>grn-</span> 
     </span>
     <span class='ocr_line' id='line_1_21' title="bbox 402 2703 1928 2806; baseline -0.003 -18"><span class='ocrx_word' id='word_1_226' title='bbox 402 2717 448 2788; x_wconf 90' lang='lat' dir='ltr'>du</span> <span class='ocrx_word' id='word_1_227' title='bbox 474 2734 531 2806; x_wconf 81' lang='lat'>39.</span> <span class='ocrx_word' id='word_1_228' title='bbox 554 2709 589 2780; x_wconf 79' lang='lat' dir='ltr'>dt</span> <span class='ocrx_word' id='word_1_229' title='bbox 616 2731 696 2797; x_wconf 90' lang='lat'>40.,</span> <span class='ocrx_word' id='word_1_230' title='bbox 722 2707 818 2775; x_wconf 87' lang='lat' dir='ltr'>flabat</span> <span class='ocrx_word' id='word_1_231' title='bbox 842 2705 1036 2776; x_wconf 79' lang='lat' dir='ltr'>subsolanus</span> <span class='ocrx_word' id='word_1_232' title='bbox 1062 2703 1232 2776; x_wconf 85' lang='lat' dir='ltr'>&amp;Eurus</span> <span class='ocrx_word' id='word_1_233' title='bbox 1267 2713 1331 2779; x_wconf 67' lang='lat' dir='ltr'>Ae.</span> <span class='ocrx_word' id='word_1_234' title='bbox 1351 2715 1453 2800; x_wconf 83' lang='lat'>1761.</span> <span class='ocrx_word' id='word_1_235' title='bbox 1479 2714 1594 2784; x_wconf 90' lang='lat' dir='ltr'>Martii</span> <span class='ocrx_word' id='word_1_236' title='bbox 1621 2740 1678 2788; x_wconf 83' lang='lat' dir='ltr'>ar.</span> <span class='ocrx_word' id='word_1_237' title='bbox 1703 2724 1804 2791; x_wconf 76' lang='lat' dir='ltr'>noslu</span> <span class='ocrx_word' id='word_1_238' title='bbox 1827 2720 1928 2794; x_wconf 77' lang='lat' dir='ltr'>flante</span> 
     </span>
     <span class='ocr_line' id='line_1_22' title="bbox 400 2801 1927 2898; baseline -0.005 -14"><span class='ocrx_word' id='word_1_239' title='bbox 400 2811 567 2888; x_wconf 82' lang='lat' dir='ltr'>Favonio,</span> <span class='ocrx_word' id='word_1_240' title='bbox 594 2803 629 2874; x_wconf 86' lang='lat' dir='ltr'>dt</span> <span class='ocrx_word' id='word_1_241' title='bbox 654 2802 825 2872; x_wconf 86' lang='lat' dir='ltr'>Mercurio</span> <span class='ocrx_word' id='word_1_242' title='bbox 844 2804 876 2871; x_wconf 92' lang='lat' dir='ltr'>in</span> <span class='ocrx_word' id='word_1_243' title='bbox 897 2803 999 2895; x_wconf 84' lang='lat' dir='ltr'>gradu</span> <span class='ocrx_word' id='word_1_244' title='bbox 1026 2825 1083 2892; x_wconf 88' lang='lat'>40.</span> <span class='ocrx_word' id='word_1_245' title='bbox 1109 2801 1249 2897; x_wconf 88' lang='lat' dir='ltr'>gelabat.</span> <span class='ocrx_word' id='word_1_246' title='bbox 1297 2804 1356 2873; x_wconf 89' lang='lat' dir='ltr'>Est</span> <span class='ocrx_word' id='word_1_247' title='bbox 1381 2811 1413 2876; x_wconf 92' lang='lat' dir='ltr'>in</span> <span class='ocrx_word' id='word_1_248' title='bbox 1432 2809 1636 2896; x_wconf 87' lang='lat' dir='ltr'>Delphinatu</span> <span class='ocrx_word' id='word_1_249' title='bbox 1652 2834 1797 2898; x_wconf 89' lang='lat' dir='ltr'>antrum,</span> <span class='ocrx_word' id='word_1_250' title='bbox 1823 2815 1927 2887; x_wconf 74' lang='lat' dir='ltr'>Grot-</span> 
     </span>
     <span class='ocr_line' id='line_1_23' title="bbox 400 2896 1927 2996; baseline 0.001 -18"><span class='ocrx_word' id='word_1_251' title='bbox 400 2929 437 2980; x_wconf 94' lang='lat' dir='ltr'>to</span> <span class='ocrx_word' id='word_1_252' title='bbox 463 2903 548 2974; x_wconf 89' lang='lat' dir='ltr'>delia</span> <span class='ocrx_word' id='word_1_253' title='bbox 572 2901 689 2972; x_wconf 89' lang='lat' dir='ltr'>Balme</span> <span class='ocrx_word' id='word_1_254' title='bbox 713 2896 939 2986; x_wconf 89' lang='lat' dir='ltr'>appellatum,</span> <span class='ocrx_word' id='word_1_255' title='bbox 972 2918 1011 2966; x_wconf 85' lang='lat' dir='ltr'>ex</span> <span class='ocrx_word' id='word_1_256' title='bbox 1038 2900 1130 2967; x_wconf 85' lang='lat' dir='ltr'>variis</span> <span class='ocrx_word' id='word_1_257' title='bbox 1157 2900 1244 2987; x_wconf 85' lang='lat' dir='ltr'>quafi</span> <span class='ocrx_word' id='word_1_258' title='bbox 1275 2907 1412 2972; x_wconf 85' lang='lat' dir='ltr'>cameris</span> <span class='ocrx_word' id='word_1_259' title='bbox 1444 2904 1623 2995; x_wconf 87' lang='lat' dir='ltr'>constans,</span> <span class='ocrx_word' id='word_1_260' title='bbox 1657 2909 1691 2975; x_wconf 92' lang='lat' dir='ltr'>in</span> <span class='ocrx_word' id='word_1_261' title='bbox 1716 2912 1834 2996; x_wconf 89' lang='lat' dir='ltr'>quibus</span> <span class='ocrx_word' id='word_1_262' title='bbox 1858 2912 1927 2984; x_wconf 82' lang='lat' dir='ltr'>A‘e‘r</span> 
     </span>
     <span class='ocr_line' id='line_1_24' title="bbox 398 2992 1926 3089; baseline -0.001 -13"><span class='ocrx_word' id='word_1_263' title='bbox 398 3003 444 3076; x_wconf 84' lang='lat' dir='ltr'>est</span> <span class='ocrx_word' id='word_1_264' title='bbox 473 2998 641 3089; x_wconf 86' lang='lat' dir='ltr'>temperati</span> <span class='ocrx_word' id='word_1_265' title='bbox 664 2994 801 3075; x_wconf 85' lang='lat' dir='ltr'>caloris,</span> <span class='ocrx_word' id='word_1_266' title='bbox 827 2993 1022 3081; x_wconf 89' lang='lat' dir='ltr'>plerumque</span> <span class='ocrx_word' id='word_1_267' title='bbox 1043 2995 1126 3062; x_wconf 90' lang='lat' dir='ltr'>inter</span> <span class='ocrx_word' id='word_1_268' title='bbox 1156 3015 1209 3064; x_wconf 90' lang='lat' dir='ltr'>ro.</span> <span class='ocrx_word' id='word_1_269' title='bbox 1236 2992 1272 3063; x_wconf 80' lang='lat' dir='ltr'>dt</span> <span class='ocrx_word' id='word_1_270' title='bbox 1302 3018 1357 3065; x_wconf 87' lang='lat'>11.</span> <span class='ocrx_word' id='word_1_271' title='bbox 1383 3000 1414 3067; x_wconf 92' lang='lat' dir='ltr'>in</span> <span class='ocrx_word' id='word_1_272' title='bbox 1440 2998 1533 3068; x_wconf 84' lang='lat' dir='ltr'>Scala</span> <span class='ocrx_word' id='word_1_273' title='bbox 1558 3001 1798 3075; x_wconf 88' lang='lat' dir='ltr'>Thennometti</span> <span class='ocrx_word' id='word_1_274' title='bbox 1814 3005 1926 3078; x_wconf 87' lang='lat' dir='ltr'>Reau·</span> 
     </span>
     <span class='ocr_line' id='line_1_25' title="bbox 400 3088 1929 3192; baseline -0.008 -20"><span class='ocrx_word' id='word_1_275' title='bbox 400 3100 516 3179; x_wconf 85' lang='lat' dir='ltr'>mutii,</span> <span class='ocrx_word' id='word_1_276' title='bbox 542 3096 603 3165; x_wconf 83' lang='lat' dir='ltr'>sve</span> <span class='ocrx_word' id='word_1_277' title='bbox 614 3110 672 3183; x_wconf 85' lang='lat'>54.</span> <span class='ocrx_word' id='word_1_278' title='bbox 688 3111 736 3184; x_wconf 90' lang='lat' dir='ltr'>gr.</span> <span class='ocrx_word' id='word_1_279' title='bbox 758 3093 791 3158; x_wconf 92' lang='lat' dir='ltr'>in</span> <span class='ocrx_word' id='word_1_280' title='bbox 810 3088 901 3158; x_wconf 90' lang='lat' dir='ltr'>Scala</span> <span class='ocrx_word' id='word_1_281' title='bbox 916 3088 1158 3176; x_wconf 82' lang='lat' dir='ltr'>Fabrenheytii:</span> <span class='ocrx_word' id='word_1_282' title='bbox 1185 3089 1222 3159; x_wconf 89' lang='lat' dir='ltr'>ln</span> <span class='ocrx_word' id='word_1_283' title='bbox 1238 3091 1287 3161; x_wconf 89' lang='lat' dir='ltr'>his</span> <span class='ocrx_word' id='word_1_284' title='bbox 1304 3096 1440 3163; x_wconf 86' lang='lat' dir='ltr'>cameris</span> <span class='ocrx_word' id='word_1_285' title='bbox 1464 3096 1710 3188; x_wconf 87' lang='lat' dir='ltr'>congelationes</span> <span class='ocrx_word' id='word_1_286' title='bbox 1735 3099 1815 3170; x_wconf 87' lang='lat' dir='ltr'>fiunt</span> <span class='ocrx_word' id='word_1_287' title='bbox 1828 3122 1929 3192; x_wconf 79' lang='lat' dir='ltr'>aqua.</span> 
     </span>
     <span class='ocr_line' id='line_1_26' title="bbox 400 3184 1923 3282; baseline -0.001 -14"><span class='ocrx_word' id='word_1_288' title='bbox 400 3218 497 3275; x_wconf 86' lang='lat' dir='ltr'>rum,</span> <span class='ocrx_word' id='word_1_289' title='bbox 533 3209 668 3282; x_wconf 86' lang='lat' dir='ltr'>quarum</span> <span class='ocrx_word' id='word_1_290' title='bbox 693 3184 858 3256; x_wconf 71' lang='lat' dir='ltr'>nonnullae</span> <span class='ocrx_word' id='word_1_291' title='bbox 884 3184 1048 3273; x_wconf 80' lang='lat' dir='ltr'>crystallus</span> <span class='ocrx_word' id='word_1_292' title='bbox 1069 3187 1289 3271; x_wconf 79' lang='lat' dir='ltr'>amabatur,</span> <span class='ocrx_word' id='word_1_293' title='bbox 1325 3185 1506 3260; x_wconf 86' lang='lat' dir='ltr'>&amp;colotis</span> <span class='ocrx_word' id='word_1_294' title='bbox 1531 3191 1602 3261; x_wconf 91' lang='lat' dir='ltr'>sunt</span> <span class='ocrx_word' id='word_1_295' title='bbox 1625 3195 1801 3265; x_wconf 86' lang='lat' dir='ltr'>cicercuii:</span> <span class='ocrx_word' id='word_1_296' title='bbox 1834 3221 1923 3270; x_wconf 92' lang='lat' dir='ltr'>nunc</span> 
     </span>
     <span class='ocr_line' id='line_1_27' title="bbox 401 3281 2024 3388; baseline -0.006 -24"><span class='ocrx_word' id='word_1_297' title='bbox 401 3291 580 3385; x_wconf 88' lang='lat' dir='ltr'>pendentes</span> <span class='ocrx_word' id='word_1_298' title='bbox 602 3307 642 3354; x_wconf 87' lang='lat' dir='ltr'>ex</span> <span class='ocrx_word' id='word_1_299' title='bbox 664 3282 809 3365; x_wconf 89' lang='lat' dir='ltr'>somice,</span> <span class='ocrx_word' id='word_1_300' title='bbox 834 3303 921 3352; x_wconf 91' lang='lat' dir='ltr'>nunc</span> <span class='ocrx_word' id='word_1_301' title='bbox 942 3281 1036 3350; x_wconf 88' lang='lat' dir='ltr'>inilar</span> <span class='ocrx_word' id='word_1_302' title='bbox 1061 3281 1306 3371; x_wconf 90' lang='lat' dir='ltr'>columnarum,</span> <span class='ocrx_word' id='word_1_303' title='bbox 1333 3287 1451 3375; x_wconf 92' lang='lat' dir='ltr'>quibus</span> <span class='ocrx_word' id='word_1_304' title='bbox 1468 3290 1562 3356; x_wconf 81' lang='lat' dir='ltr'>variae</span> <span class='ocrx_word' id='word_1_305' title='bbox 1578 3288 1648 3358; x_wconf 92' lang='lat' dir='ltr'>sunt</span> <span class='ocrx_word' id='word_1_306' title='bbox 1663 3290 1814 3362; x_wconf 84' lang='lat' dir='ltr'>craiirties</span> <span class='ocrx_word' id='word_1_307' title='bbox 1829 3294 1921 3388; x_wconf 78' lang='lat' dir='ltr'>(b).</span> <span class='ocrx_word' id='word_1_308' title='bbox 2019 3291 2024 3298; x_wconf 79' lang='grc'><em>’</em></span> 
     </span>
     <span class='ocr_line' id='line_1_28' title="bbox 401 3375 1923 3474; baseline -0.001 -11"><span class='ocrx_word' id='word_1_309' title='bbox 401 3391 520 3464; x_wconf 88' lang='lat' dir='ltr'>Praina</span> <span class='ocrx_word' id='word_1_310' title='bbox 545 3384 590 3454; x_wconf 88' lang='lat' dir='ltr'>est</span> <span class='ocrx_word' id='word_1_311' title='bbox 612 3379 788 3452; x_wconf 82' lang='lat' dir='ltr'>tenuissima</span> <span class='ocrx_word' id='word_1_312' title='bbox 810 3379 955 3472; x_wconf 88' lang='lat' dir='ltr'>glacies,</span> <span class='ocrx_word' id='word_1_313' title='bbox 990 3375 1167 3467; x_wconf 90' lang='lat' dir='ltr'>superficiei</span> <span class='ocrx_word' id='word_1_314' title='bbox 1200 3379 1415 3472; x_wconf 86' lang='lat' dir='ltr'>Plantarum‚</span> <span class='ocrx_word' id='word_1_315' title='bbox 1450 3379 1484 3453; x_wconf 86' lang='lat' dir='ltr'>dt</span> <span class='ocrx_word' id='word_1_316' title='bbox 1517 3389 1654 3474; x_wconf 91' lang='lat' dir='ltr'>partium</span> <span class='ocrx_word' id='word_1_317' title='bbox 1680 3408 1721 3456; x_wconf 86' lang='lat' dir='ltr'>ex</span> <span class='ocrx_word' id='word_1_318' title='bbox 1746 3389 1817 3458; x_wconf 93' lang='lat' dir='ltr'>solo</span> <span class='ocrx_word' id='word_1_319' title='bbox 1842 3395 1923 3463; x_wconf 90' lang='lat' dir='ltr'>emi·</span> 
     </span>
    </p>
   </div>
   <div class='ocr_carea' id='block_1_7' title="bbox 402 3472 2038 3578">
    <p class='ocr_par' dir='ltr' id='par_1_7' title="bbox 402 3472 2038 3578">
     <span class='ocr_line' id='line_1_29' title="bbox 402 3472 2038 3578; baseline -0.003 -20"><span class='ocrx_word' id='word_1_320' title='bbox 402 3489 547 3558; x_wconf 89' lang='lat' dir='ltr'>nentium</span> <span class='ocrx_word' id='word_1_321' title='bbox 573 3478 741 3558; x_wconf 77' lang='lat' dir='ltr'>insidens3</span> <span class='ocrx_word' id='word_1_322' title='bbox 773 3476 843 3544; x_wconf 86' lang='lat' dir='ltr'>baec</span> <span class='ocrx_word' id='word_1_323' title='bbox 875 3477 969 3544; x_wconf 90' lang='lat' dir='ltr'>citius</span> <span class='ocrx_word' id='word_1_324' title='bbox 1000 3472 1157 3545; x_wconf 85' lang='lat' dir='ltr'>formatur</span> <span class='ocrx_word' id='word_1_325' title='bbox 1187 3496 1286 3564; x_wconf 88' lang='lat' dir='ltr'>quarn</span> <span class='ocrx_word' id='word_1_326' title='bbox 1320 3477 1461 3572; x_wconf 86' lang='lat' dir='ltr'>glacialis</span> <span class='ocrx_word' id='word_1_327' title='bbox 1486 3480 1588 3548; x_wconf 85' lang='lat' dir='ltr'>crusta</span> <span class='ocrx_word' id='word_1_328' title='bbox 1613 3484 1646 3549; x_wconf 92' lang='lat' dir='ltr'>in</span> <span class='ocrx_word' id='word_1_329' title='bbox 1671 3488 1788 3578; x_wconf 72' lang='lat' dir='ltr'>magni</span> <span class='ocrx_word' id='word_1_330' title='bbox 1804 3490 1922 3577; x_wconf 76' lang='lat' dir='ltr'>¹Aquae</span> <span class='ocrx_word' id='word_1_331' title='bbox 2034 3549 2038 3556; x_wconf 83' lang='lat'>.</span> 
     </span>
    </p>
   </div>
   <div class='ocr_carea' id='block_1_8' title="bbox 400 3565 1922 4058">
    <p class='ocr_par' dir='ltr' id='par_1_8' title="bbox 400 3565 1922 4058">
     <span class='ocr_line' id='line_1_30' title="bbox 400 3565 1917 3674; baseline -0.003 -20"><span class='ocrx_word' id='word_1_332' title='bbox 400 3583 515 3672; x_wconf 85' lang='lat' dir='ltr'>copid:</span> <span class='ocrx_word' id='word_1_333' title='bbox 545 3582 588 3646; x_wconf 85' lang='lat' dir='ltr'>ita</span> <span class='ocrx_word' id='word_1_334' title='bbox 611 3575 746 3643; x_wconf 86' lang='lat' dir='ltr'>linteum</span> <span class='ocrx_word' id='word_1_335' title='bbox 769 3570 908 3640; x_wconf 76' lang='lat' dir='ltr'>humore</span> <span class='ocrx_word' id='word_1_336' title='bbox 926 3569 1109 3652; x_wconf 83' lang='lat' dir='ltr'>madidum,</span> <span class='ocrx_word' id='word_1_337' title='bbox 1137 3565 1172 3638; x_wconf 82' lang='lat' dir='ltr'>dt</span> <span class='ocrx_word' id='word_1_338' title='bbox 1197 3570 1336 3641; x_wconf 90' lang='lat' dir='ltr'>subdio</span> <span class='ocrx_word' id='word_1_339' title='bbox 1361 3576 1552 3662; x_wconf 82' lang='lat' dir='ltr'>expansum,</span> <span class='ocrx_word' id='word_1_340' title='bbox 1578 3597 1680 3662; x_wconf 85' lang='lat' dir='ltr'>ocyus</span> <span class='ocrx_word' id='word_1_341' title='bbox 1702 3583 1917 3674; x_wconf 79' lang='lat' dir='ltr'>congelascit:</span> 
     </span>
     <span class='ocr_line' id='line_1_31' title="bbox 400 3664 1922 3767; baseline -0.003 -19"><span class='ocrx_word' id='word_1_342' title='bbox 400 3681 502 3767; x_wconf 84' lang='lat' dir='ltr'>idque</span> <span class='ocrx_word' id='word_1_343' title='bbox 539 3674 622 3762; x_wconf 85' lang='lat' dir='ltr'>saepe</span> <span class='ocrx_word' id='word_1_344' title='bbox 655 3669 692 3738; x_wconf 91' lang='lat' dir='ltr'>fit</span> <span class='ocrx_word' id='word_1_345' title='bbox 723 3666 975 3736; x_wconf 89' lang='lat' dir='ltr'>Tbennometro</span> <span class='ocrx_word' id='word_1_346' title='bbox 1009 3664 1173 3734; x_wconf 88' lang='lat' dir='ltr'>indicante</span> <span class='ocrx_word' id='word_1_347' title='bbox 1201 3667 1291 3760; x_wconf 90' lang='lat' dir='ltr'>grad.</span> <span class='ocrx_word' id='word_1_348' title='bbox 1335 3688 1420 3759; x_wconf 60' lang='lat'>32„</span> <span class='ocrx_word' id='word_1_349' title='bbox 1455 3666 1489 3740; x_wconf 83' lang='lat' dir='ltr'>dt</span> <span class='ocrx_word' id='word_1_350' title='bbox 1521 3669 1601 3742; x_wconf 84' lang='lat' dir='ltr'>abus</span> <span class='ocrx_word' id='word_1_351' title='bbox 1640 3676 1849 3748; x_wconf 84' lang='lat' dir='ltr'>intermedius</span> <span class='ocrx_word' id='word_1_352' title='bbox 1881 3681 1922 3752; x_wconf 76' lang='lat' dir='ltr'>sd</span> 
     </span>
     <span class='ocr_line' id='line_1_32' title="bbox 402 3761 1920 3872; baseline -0.002 -24"><span class='ocrx_word' id='word_1_353' title='bbox 402 3773 492 3872; x_wconf 86' lang='lat' dir='ltr'>grad</span> <span class='ocrx_word' id='word_1_354' title='bbox 519 3770 575 3862; x_wconf 85' lang='lat'>38.</span> <span class='ocrx_word' id='word_1_355' title='bbox 628 3765 757 3837; x_wconf 88' lang='lat' dir='ltr'>Verum</span> <span class='ocrx_word' id='word_1_356' title='bbox 773 3761 936 3851; x_wconf 85' lang='lat' dir='ltr'>saepiffime</span> <span class='ocrx_word' id='word_1_357' title='bbox 957 3783 1025 3831; x_wconf 92' lang='lat' dir='ltr'>non</span> <span class='ocrx_word' id='word_1_358' title='bbox 1047 3762 1151 3855; x_wconf 89' lang='lat' dir='ltr'>gelat,</span> <span class='ocrx_word' id='word_1_359' title='bbox 1176 3762 1255 3833; x_wconf 91' lang='lat' dir='ltr'>licet</span> <span class='ocrx_word' id='word_1_360' title='bbox 1278 3764 1365 3834; x_wconf 90' lang='lat' dir='ltr'>idem</span> <span class='ocrx_word' id='word_1_361' title='bbox 1387 3765 1483 3837; x_wconf 89' lang='lat' dir='ltr'>faerit</span> <span class='ocrx_word' id='word_1_362' title='bbox 1507 3766 1619 3863; x_wconf 87' lang='lat' dir='ltr'>frigus.</span> <span class='ocrx_word' id='word_1_363' title='bbox 1670 3771 1774 3843; x_wconf 91' lang='lat' dir='ltr'>Gelat</span> <span class='ocrx_word' id='word_1_364' title='bbox 1800 3777 1920 3870; x_wconf 90' lang='lat' dir='ltr'>igitur,</span> 
     </span>
     <span class='ocr_line' id='line_1_33' title="bbox 402 3855 1921 3966; baseline -0.006 -24"><span class='ocrx_word' id='word_1_365' title='bbox 402 3872 548 3962; x_wconf 86' lang='lat' dir='ltr'>quamvis</span> <span class='ocrx_word' id='word_1_366' title='bbox 577 3863 679 3956; x_wconf 89' lang='lat' dir='ltr'>frigus</span> <span class='ocrx_word' id='word_1_367' title='bbox 709 3881 783 3931; x_wconf 84' lang='lat' dir='ltr'>acre</span> <span class='ocrx_word' id='word_1_368' title='bbox 809 3880 875 3928; x_wconf 92' lang='lat' dir='ltr'>non</span> <span class='ocrx_word' id='word_1_369' title='bbox 898 3859 963 3943; x_wconf 90' lang='lat' dir='ltr'>iit,</span> <span class='ocrx_word' id='word_1_370' title='bbox 997 3859 1030 3926; x_wconf 90' lang='lat' dir='ltr'>ia</span> <span class='ocrx_word' id='word_1_371' title='bbox 1058 3855 1141 3927; x_wconf 86' lang='lat' dir='ltr'>caelo</span> <span class='ocrx_word' id='word_1_372' title='bbox 1171 3859 1328 3930; x_wconf 86' lang='lat' dir='ltr'>duntaxat</span> <span class='ocrx_word' id='word_1_373' title='bbox 1353 3863 1463 3932; x_wconf 85' lang='lat' dir='ltr'>multae</span> <span class='ocrx_word' id='word_1_374' title='bbox 1487 3866 1653 3956; x_wconf 75' lang='lat' dir='ltr'>particule</span> <span class='ocrx_word' id='word_1_375' title='bbox 1678 3869 1921 3966; x_wconf 72' lang='lat' dir='ltr'>conglutiantes</span> 
     </span>
     <span class='ocr_line' id='line_1_34' title="bbox 401 3953 1490 4058; baseline -0.012 -16"><span class='ocrx_word' id='word_1_376' title='bbox 401 3971 477 4041; x_wconf 88' lang='lat' dir='ltr'>sint:</span> <span class='ocrx_word' id='word_1_377' title='bbox 506 3959 648 4058; x_wconf 89' lang='lat' dir='ltr'>Regelat</span> <span class='ocrx_word' id='word_1_378' title='bbox 673 3958 722 4030; x_wconf 86' lang='lat' dir='ltr'>bis</span> <span class='ocrx_word' id='word_1_379' title='bbox 743 3955 945 4037; x_wconf 88' lang='lat' dir='ltr'>absentibus,</span> <span class='ocrx_word' id='word_1_380' title='bbox 973 3954 1054 4032; x_wconf 85' lang='lat' dir='ltr'>caelo</span> <span class='ocrx_word' id='word_1_381' title='bbox 1076 3953 1152 4027; x_wconf 91' lang='lat' dir='ltr'>licet</span> <span class='ocrx_word' id='word_1_382' title='bbox 1174 3955 1316 4048; x_wconf 91' lang='lat' dir='ltr'>asperius</span> <span class='ocrx_word' id='word_1_383' title='bbox 1340 3958 1490 4054; x_wconf 80' lang='lat' dir='ltr'>frigente.</span> 
     </span>
    </p>
   </div>
   <div class='ocr_carea' id='block_1_9' title="bbox 396 4097 1929 4787">
    <p class='ocr_par' dir='ltr' id='par_1_9' title="bbox 402 4097 1917 4390">
     <span class='ocr_line' id='line_1_35' title="bbox 480 4097 1917 4198; baseline 0.014 -33"><span class='ocrx_word' id='word_1_384' title='bbox 480 4166 487 4182; x_wconf 69' lang='lat'>,</span> <span class='ocrx_word' id='word_1_385' title='bbox 525 4097 699 4177; x_wconf 85' lang='lat' dir='ltr'>MDVIII.</span> <span class='ocrx_word' id='word_1_386' title='bbox 735 4098 841 4172; x_wconf 88' lang='lat' dir='ltr'>Causa</span> <span class='ocrx_word' id='word_1_387' title='bbox 871 4119 988 4189; x_wconf 85' lang='lat' dir='ltr'>aquarn</span> <span class='ocrx_word' id='word_1_388' title='bbox 1014 4097 1221 4192; x_wconf 87' lang='lat' dir='ltr'>conglacians</span> <span class='ocrx_word' id='word_1_389' title='bbox 1249 4123 1316 4170; x_wconf 89' lang='lat' dir='ltr'>non</span> <span class='ocrx_word' id='word_1_390' title='bbox 1348 4102 1444 4191; x_wconf 85' lang='lat' dir='ltr'>plena</span> <span class='ocrx_word' id='word_1_391' title='bbox 1468 4102 1613 4173; x_wconf 87' lang='lat' dir='ltr'>libertate</span> <span class='ocrx_word' id='word_1_392' title='bbox 1647 4127 1808 4198; x_wconf 88' lang='lat' dir='ltr'>perreptat</span> <span class='ocrx_word' id='word_1_393' title='bbox 1842 4133 1917 4184; x_wconf 91' lang='lat' dir='ltr'>cor·</span> 
     </span>
     <span class='ocr_line' id='line_1_36' title="bbox 426 4193 1916 4296; baseline 0.009 -31"><span class='ocrx_word' id='word_1_394' title='bbox 426 4232 483 4284; x_wconf 67' lang='lat' dir='ltr'>om</span> <span class='ocrx_word' id='word_1_395' title='bbox 508 4205 598 4276; x_wconf 84' lang='lat' dir='ltr'>firma</span> <span class='ocrx_word' id='word_1_396' title='bbox 626 4195 661 4268; x_wconf 79' lang='lat' dir='ltr'>dt</span> <span class='ocrx_word' id='word_1_397' title='bbox 686 4194 814 4278; x_wconf 86' lang='lat' dir='ltr'>fluida,</span> <span class='ocrx_word' id='word_1_398' title='bbox 848 4193 902 4264; x_wconf 88' lang='lat' dir='ltr'>sed</span> <span class='ocrx_word' id='word_1_399' title='bbox 933 4193 1072 4264; x_wconf 83' lang='lat' dir='ltr'>offendit</span> <span class='ocrx_word' id='word_1_400' title='bbox 1102 4194 1337 4280; x_wconf 82' lang='lat' dir='ltr'>resistentiam,</span> <span class='ocrx_word' id='word_1_401' title='bbox 1370 4220 1431 4268; x_wconf 92' lang='lat' dir='ltr'>nec</span> <span class='ocrx_word' id='word_1_402' title='bbox 1457 4200 1678 4296; x_wconf 81' lang='lat' dir='ltr'>progreditur,</span> <span class='ocrx_word' id='word_1_403' title='bbox 1706 4202 1916 4293; x_wconf 88' lang='lat' dir='ltr'>&amp;quamdiu</span> 
     </span>
     <span class='ocr_line' id='line_1_37' title="bbox 402 4291 1917 4390; baseline 0.016 -39"><span class='ocrx_word' id='word_1_404' title='bbox 402 4308 498 4390; x_wconf 60' lang='lat' dir='ltr'>fluida</span> <span class='ocrx_word' id='word_1_405' title='bbox 519 4300 696 4379; x_wconf 62' lang='lat' dir='ltr'>vasorum,</span> <span class='ocrx_word' id='word_1_406' title='bbox 720 4295 839 4383; x_wconf 87' lang='lat' dir='ltr'>quibus</span> <span class='ocrx_word' id='word_1_407' title='bbox 857 4293 982 4373; x_wconf 87' lang='lat' dir='ltr'>insunt,</span> <span class='ocrx_word' id='word_1_408' title='bbox 1009 4311 1108 4380; x_wconf 85' lang='lat' dir='ltr'>poros</span> <span class='ocrx_word' id='word_1_409' title='bbox 1132 4291 1321 4375; x_wconf 87' lang='lat' dir='ltr'>obstruunt,</span> <span class='ocrx_word' id='word_1_410' title='bbox 1346 4317 1413 4366; x_wconf 92' lang='lat' dir='ltr'>non</span> <span class='ocrx_word' id='word_1_411' title='bbox 1439 4299 1580 4390; x_wconf 88' lang='lat' dir='ltr'>irrepit,</span> <span class='ocrx_word' id='word_1_412' title='bbox 1605 4319 1715 4369; x_wconf 86' lang='lat' dir='ltr'>verum</span> <span class='ocrx_word' id='word_1_413' title='bbox 1741 4301 1819 4371; x_wconf 88' lang='lat' dir='ltr'>valis</span> <span class='ocrx_word' id='word_1_414' title='bbox 1845 4301 1917 4374; x_wconf 79' lang='lat' dir='ltr'>flui-</span> 
     </span>
    </p>

    <p class='ocr_par' dir='ltr' id='par_1_10' title="bbox 396 4387 1929 4787">
     <span class='ocr_line' id='line_1_38' title="bbox 402 4387 1929 4486; baseline 0.003 -20"><span class='ocrx_word' id='word_1_415' title='bbox 402 4409 490 4480; x_wconf 72' lang='lat' dir='ltr'>disve</span> <span class='ocrx_word' id='word_1_416' title='bbox 513 4393 670 4471; x_wconf 88' lang='lat' dir='ltr'>tantillum</span> <span class='ocrx_word' id='word_1_417' title='bbox 689 4387 871 4470; x_wconf 82' lang='lat' dir='ltr'>concussis,</span> <span class='ocrx_word' id='word_1_418' title='bbox 897 4410 932 4460; x_wconf 94' lang='lat' dir='ltr'>ut</span> <span class='ocrx_word' id='word_1_419' title='bbox 956 4389 974 4458; x_wconf 79' lang='lat' dir='ltr'>i</span> <span class='ocrx_word' id='word_1_420' title='bbox 997 4388 1172 4477; x_wconf 88' lang='lat' dir='ltr'>parietibus</span> <span class='ocrx_word' id='word_1_421' title='bbox 1196 4390 1378 4476; x_wconf 87' lang='lat' dir='ltr'>recedant,</span> <span class='ocrx_word' id='word_1_422' title='bbox 1404 4389 1438 4462; x_wconf 89' lang='lat'>&amp;</span> <span class='ocrx_word' id='word_1_423' title='bbox 1463 4396 1572 4468; x_wconf 90' lang='lat' dir='ltr'>liberis</span> <span class='ocrx_word' id='word_1_424' title='bbox 1593 4392 1658 4486; x_wconf 83' lang='lat' dir='ltr'>jam</span> <span class='ocrx_word' id='word_1_425' title='bbox 1684 4399 1842 4469; x_wconf 88' lang='lat' dir='ltr'>meatibus</span> <span class='ocrx_word' id='word_1_426' title='bbox 1868 4403 1929 4472; x_wconf 92' lang='lat' dir='ltr'>in·.</span> 
     </span>
     <span class='ocr_line' id='line_1_39' title="bbox 398 4485 1914 4586; baseline -0.002 -14"><span class='ocrx_word' id='word_1_427' title='bbox 398 4508 513 4579; x_wconf 81' lang='lat' dir='ltr'>troitus</span> <span class='ocrx_word' id='word_1_428' title='bbox 540 4489 768 4572; x_wconf 80' lang='lat' dir='ltr'>concedatur,</span> <span class='ocrx_word' id='word_1_429' title='bbox 801 4485 893 4557; x_wconf 90' lang='lat' dir='ltr'>causa</span> <span class='ocrx_word' id='word_1_430' title='bbox 921 4485 1116 4556; x_wconf 81' lang='lat' dir='ltr'>extrinsecus</span> <span class='ocrx_word' id='word_1_431' title='bbox 1147 4486 1272 4558; x_wconf 82' lang='lat' dir='ltr'>adstans</span> <span class='ocrx_word' id='word_1_432' title='bbox 1300 4488 1492 4562; x_wconf 81' lang='lat' dir='ltr'>velocissime</span> <span class='ocrx_word' id='word_1_433' title='bbox 1525 4491 1631 4564; x_wconf 83' lang='lat' dir='ltr'>transit</span> <span class='ocrx_word' id='word_1_434' title='bbox 1648 4494 1733 4564; x_wconf 82' lang='lat' dir='ltr'>¹vasrs</span> <span class='ocrx_word' id='word_1_435' title='bbox 1757 4497 1914 4586; x_wconf 86' lang='lat' dir='ltr'>parietes,</span> 
     </span>
     <span class='ocr_line' id='line_1_40' title="bbox 396 4581 1913 4696; baseline 0.01 -44"><span class='ocrx_word' id='word_1_436' title='bbox 396 4619 515 4696; x_wconf 67' lang='lat' dir='ltr'>,quam</span> <span class='ocrx_word' id='word_1_437' title='bbox 533 4587 731 4685; x_wconf 87' lang='lat' dir='ltr'>ingreditur,</span> <span class='ocrx_word' id='word_1_438' title='bbox 755 4605 892 4675; x_wconf 87' lang='lat' dir='ltr'>eamque</span> <span class='ocrx_word' id='word_1_439' title='bbox 911 4583 1083 4679; x_wconf 89' lang='lat' dir='ltr'>congelat:</span> <span class='ocrx_word' id='word_1_440' title='bbox 1108 4581 1158 4654; x_wconf 89' lang='lat' dir='ltr'>vel</span> <span class='ocrx_word' id='word_1_441' title='bbox 1183 4604 1311 4657; x_wconf 88' lang='lat' dir='ltr'>remoto</span> <span class='ocrx_word' id='word_1_442' title='bbox 1324 4588 1425 4672; x_wconf 81' lang='lat' dir='ltr'>veiis,</span> <span class='ocrx_word' id='word_1_443' title='bbox 1451 4590 1540 4680; x_wconf 90' lang='lat' dir='ltr'>quod</span> <span class='ocrx_word' id='word_1_444' title='bbox 1555 4609 1646 4661; x_wconf 79' lang='lat' dir='ltr'>antea</span> <span class='ocrx_word' id='word_1_445' title='bbox 1667 4589 1808 4665; x_wconf 88' lang='lat' dir='ltr'>clausum</span> <span class='ocrx_word' id='word_1_446' title='bbox 1824 4613 1913 4679; x_wconf 86' lang='lat' dir='ltr'>erat,</span> 
     </span>
     <span class='ocr_line' id='line_1_41' title="bbox 1728 4714 1916 4787; baseline 0.053 -11"><span class='ocrx_word' id='word_1_447' title='bbox 1728 4766 1733 4776; x_wconf 86' lang='lat'><em>.</em></span> <span class='ocrx_word' id='word_1_448' title='bbox 1834 4714 1916 4787; x_wconf 71' lang='lat' dir='ltr'><strong>⁰P0·.</strong></span> 
     </span>
    </p>
   </div>
   <div class='ocr_carea' id='block_1_10' title="bbox 472 4833 1618 5117">
    <p class='ocr_par' dir='ltr' id='par_1_11' title="bbox 472 4833 1618 5117">
     <span class='ocr_line' id='line_1_42' title="bbox 472 4833 1612 4962; baseline -0.02 -17"><span class='ocrx_word' id='word_1_449' title='bbox 472 4883 531 4962; x_wconf 64' lang='lat' dir='ltr'>(a)</span> <span class='ocrx_word' id='word_1_450' title='bbox 552 4869 719 4941; x_wconf 75' lang='lat' dir='ltr'>varrone</span> <span class='ocrx_word' id='word_1_451' title='bbox 739 4875 774 4936; x_wconf 77' lang='lat' dir='ltr'>ae</span> <span class='ocrx_word' id='word_1_452' title='bbox 794 4874 907 4936; x_wconf 73' lang='lat' dir='ltr'>rnna</span> <span class='ocrx_word' id='word_1_453' title='bbox 928 4877 1007 4954; x_wconf 75' lang='lat' dir='ltr'>noy.</span> <span class='ocrx_word' id='word_1_454' title='bbox 1028 4877 1082 4939; x_wconf 79' lang='lat' dir='ltr'>ao.</span> <span class='ocrx_word' id='word_1_455' title='bbox 1101 4869 1187 4954; x_wconf 64' lang='lat'>1753.</span> <span class='ocrx_word' id='word_1_456' title='bbox 1203 4851 1354 4962; x_wconf 43' lang='lat' dir='ltr'>,23:3⁸3ss</span> <span class='ocrx_word' id='word_1_457' title='bbox 1410 4833 1417 4926; x_wconf 79' lang='grc' dir='ltr'>Ϊ</span> <span class='ocrx_word' id='word_1_458' title='bbox 1455 4835 1459 4842; x_wconf 79' lang='grc'><strong>’</strong></span> <span class='ocrx_word' id='word_1_459' title='bbox 1608 4883 1612 4890; x_wconf 94' lang='grc'>-</span> 
     </span>
     <span class='ocr_line' id='line_1_43' title="bbox 475 4955 1618 5117; baseline -0.013 -92"><span class='ocrx_word' id='word_1_460' title='bbox 475 4964 536 5045; x_wconf 80' lang='lat' dir='ltr'>(b)</span> <span class='ocrx_word' id='word_1_461' title='bbox 556 4957 720 5024; x_wconf 74' lang='lat' dir='ltr'>adamabat</span> <span class='ocrx_word' id='word_1_462' title='bbox 739 4957 889 5036; x_wconf 67' lang='lat' dir='ltr'>presentet</span> <span class='ocrx_word' id='word_1_463' title='bbox 909 4955 976 5021; x_wconf 73' lang='lat' dir='ltr'>soi.</span> <span class='ocrx_word' id='word_1_464' title='bbox 992 4971 1022 5020; x_wconf 77' lang='lat' dir='ltr'>a.</span> <span class='ocrx_word' id='word_1_465' title='bbox 1040 4973 1109 5036; x_wconf 76' lang='lat' dir='ltr'>pag.</span> <span class='ocrx_word' id='word_1_466' title='bbox 1123 4973 1190 5036; x_wconf 78' lang='lat'>14⁹·</span> <span class='ocrx_word' id='word_1_467' title='bbox 1259 4959 1446 5117; x_wconf 26' lang='lat' dir='ltr'>Hulihcff&#39;</span> <span class='ocrx_word' id='word_1_468' title='bbox 1514 5043 1517 5050; x_wconf 28' lang='grc' dir='ltr'>Ι</span> <span class='ocrx_word' id='word_1_469' title='bbox 1613 5045 1618 5052; x_wconf 23' lang='grc' dir='ltr'>ι</span> 
     </span>
    </p>
   </div>
   <div class='ocr_carea' id='block_1_11' title="bbox 0 0 2500 6762">
    <p class='ocr_par' dir='ltr' id='par_1_12' title="bbox 0 0 2500 6762">
     <span class='ocr_line' id='line_1_44' title="bbox 0 0 2500 6762; baseline 0 0"><span class='ocrx_word' id='word_1_470' title='bbox 0 0 2500 6762; x_wconf 95' lang='lat' dir='ltr'> </span> 
     </span>
    </p>
   </div>
  </div>
 </body>
</html>
