4992 6767
706 426 727 470 ὶ

572 661 662 778 mr
835 632 1825 758 mamrnnrrnmr

573 845 658 924 tidie
678 845 908 920 obserumrur:
949 841 1028 916 Sole
1047 841 1136 912 enim
1160 835 1269 910 radios
1294 837 1328 908 in
1352 831 1471 906 camini
1500 849 1685 923 aperturam
1707 829 1909 926 superiorem
1934 836 2105 930 vibnnn,

577 943 686 1016 sumus
708 946 903 1036 repellitur,
934 941 1063 1014 evolare
1083 935 1287 1029 impeditur:
1323 932 1402 1006 Sole
1425 927 1520 1002 altius
1535 926 1780 1019 adscendente,
1814 933 1868 1004 vel
1881 933 2105 1012 descendente

577 1041 686 1120 sutnus
707 1043 809 1116 libere
833 1063 876 1114 ert
889 1039 1024 1112 caminis
1037 1033 1188 1131 asurgit,
1219 1032 1406 1120 evolatque.

630 1163 684 1233 9⁰.
712 1138 857 1236 Quando
872 1141 906 1208 in
921 1133 1181 1225 Atmoaphreram
1195 1129 1305 1221 plures
1322 1122 1561 1216 exhalationes,
1577 1121 1763 1221 &vapores
1771 1128 1990 1218 adscendunt,
2000 1156 2105 1227 quam

577 1239 724 1312 sullineri
748 1235 899 1328 possunt,
926 1233 1110 1306 relabentur
1126 1225 1316 1318 superfluae,
1339 1244 1456 1312 motu,
1479 1245 1548 1318 quo
1572 1223 1837 1314 adscendebant,
1862 1231 1953 1320 priua
1977 1233 2107 1318 nullo,

576 1337 634 1406 uel
655 1335 861 1416 eleslricitare
886 1333 982 1402 unius
1003 1328 1044 1398 ab
1075 1324 1178 1396 alaero
1202 1323 1363 1414 abrepta,
1397 1342 1466 1394 tum
1491 1324 1580 1402 enim
1601 1321 1759 1411 cadunt,
1798 1348 1873 1417 quae
1895 1326 2106 1402 eleilricirare

576 1429 603 1502 s
642 1430 725 1502 lntae
742 1430 825 1500 sunt.

564 1455 763 1606 ,poUtinum
789 1520 1084 1619 cognosceremur,
1114 1537 1240 1610 quanto
1270 1517 1438 1594 intervella
1462 1515 1628 1610 vaporosae
1659 1537 1767 1611 partes
1795 1519 1942 1614 distant,
1965 1523 2101 1615 quando

578 1621 739 1712 incipiunt
764 1624 880 1706 uniri,
918 1615 952 1690 δι
983 1637 1104 1710 quanm
1140 1617 1188 1685 vis
1220 1635 1353 1686 externa
1384 1615 1426 1685 ad
1463 1618 1622 1686 unionem
1654 1615 1880 1704 defidererur,
1918 1639 1987 1690 tum
2016 1624 2104 1692 enim

575 1719 683 1884 'mss‘
717 1718 819 1814 longe
848 1720 1026 1792 accuratius
1058 1711 1204 1803 expediri
1234 1691 1392 1804 posent,
1443 1723 1540 1803 quarn
1570 1697 1739 1806 hu'cnsque
1771 1734 1790 1784 a
1821 1713 2024 1808 philosophia
2056 1716 2103 1789 ell

578 1833 646 1905 pra
673 1833 766 1885 rtum.

575 2001 578 2008 .
625 1934 658 2034 s.
682 1937 917 2014 Mllcccx.
942 1937 1098 2012 Meteora
1113 1936 1289 2030 quaedam,
1314 1936 1360 2007 uti
1379 1933 1522 2022 Pluviae,
1538 1931 1892 2027 Nives,Graodinesa
1907 1934 2006 2010 Luna
2021 1924 2103 2012 rnul-

577 2055 649 2108 tum
674 2037 840 2126 pendent,
866 2037 976 2110 saltem
998 2041 1032 2108 in
1066 2036 1209 2132 Belgio,
1237 2030 1274 2103 dt
1304 2037 1338 2105 in
1360 2035 1549 2130 regionibus
1577 2034 1712 2104 boreis:
1747 2034 1894 2124 inprimis
1924 2036 1958 2107 id
1982 2036 2102 2124 hyeme

576 2131 746 2204 obseruare
767 2133 885 2205 datur:
919 2157 993 2206 nam
1016 2133 1149 2222 quando
1173 2151 1323 2220 tempore
1348 2129 1550 2215 Nouilunii,
1582 2129 1788 2213 Pleninunii,
1821 2130 1872 2201 vel
1904 2129 2101 2224 Quadratu-

577 2250 685 2308 rarum
711 2231 883 2317 temp'ellas
903 2229 979 2302 coeli
995 2248 1156 2308 mutatur,
1181 2225 1233 2294 vel
1253 2225 1432 2294 effunditur
1455 2228 1590 2312 pluvia,
1615 2228 1696 2309 nix,
1726 2225 1777 2298 vel
1802 2224 1941 2320 regeint:
1967 2226 1991 2296 si
2015 2250 2102 2300 uero

577 2317 1227 2494 ililiilltl‘illiiii⁹
1258 2318 1502 2488 illimis
1518 2320 1690 2488 llil
1713 2320 2102 2493 illinitis:

578 2514 681 2607 phas.
706 2440 873 2588 {aaran
887 2440 1053 2588 uanegtores
1069 2441 1301 2605 Isempestdtum
1319 2515 1352 2584 in
1369 2513 1437 2586 finu
1454 2467 1603 2588 Hudson'i
1621 2439 1704 2586 gille
1720 2512 1917 2601 observavit,
1934 2532 1989 2586 eas
2005 2522 2101 2592 etiam

578 2633 600 2684 a
621 2611 726 2688 Lunae
750 2612 901 2704 phasibua
915 2613 1063 2684 derivans
1088 2612 1109 2705 (
1148 2615 1176 2698 )·

424 2751 572 2829 meaulx.
629 2742 664 2834 5.
689 2739 941 2813 Mulcccxl.
967 2737 1194 2829 Armosphaera
1215 2737 1322 2811 nostra
1345 2759 1413 2809 non
1438 2739 1523 2810 male
1548 2742 1582 2810 in
1612 2739 1738 2830 aliquot
1763 2737 1973 2835 distinguitur
1994 2743 2096 2838 regio

426 2818 490 2886 '⁸⁸¹'
503 2837 531 2878 ⁴·
551 2921 555 2930 ,
574 2859 664 2920 mear
697 2837 831 2932 quando
860 2842 948 2910 enim
969 2859 990 2908 a
1013 2832 1181 2925 superficie
1205 2840 1301 2908 moris
1332 2835 1375 2907 ad
1399 2836 1600 2908 altitudinem
1625 2836 1827 2907 excelsorum
1858 2840 2021 2910 montium
2043 2842 2100 2912 lit·

576 2936 798 3029 mosphaeram
823 2936 1091 3014 confideremus,
1125 2936 1220 3004 inea
1241 2953 1356 3031 regnat
1389 2932 1505 3018 calor,
1539 2936 1685 3024 inprimis
1715 2953 1822 3025 prope
1847 2933 1975 3006 solum:
2006 2935 2099 3008 altior

577 3034 763 3113 uiciffitudo
786 3032 906 3104 caloris
923 3031 957 3104 dt
973 3031 1123 3128 frigoris:
1164 3051 1276 3102 verum
1302 3031 1395 3123 supra
1415 3030 1498 3102 hanc
1523 3033 1691 3128 regionem
1711 3031 1758 3103 est
1778 3035 1872 3128 regio
1894 3031 2034 3130 srigida,
2068 3037 2100 3106 in

580 3156 672 3227 qua,
689 3134 768 3203 dum
792 3130 897 3199 nubes
911 3127 1100 3213 versantur,
1125 3123 1288 3219 &partes
1311 3127 1521 3201 condensatas
1545 3131 1731 3213 dimittunt,
1757 3129 1808 3201 lrae
1831 3129 1921 3202 illico
1944 3132 1977 3200 in
1993 3133 2098 3202 nivem

582 3248 785 3313 vertuntur,
815 3247 889 3318 quae
912 3225 999 3320 quafi
1022 3246 1063 3295 ex
1085 3224 1135 3293 his
1161 3225 1303 3298 nubibus
1326 3223 1526 3298 effunditur:
1567 3224 1643 3298 idco
1667 3224 1779 3323 Regio
1807 3227 1918 3299 nivalis
1943 3227 2098 3318 appellari

609 3324 700 3398 osset.

576 3439 581 3446 ·
632 3412 805 3524 Est'igitur
822 3422 915 3494 limes
929 3418 1024 3514 hujus
1042 3423 1184 3518 regionis
1199 3413 1469 3513 Atr'nosphaerlcae
1492 3420 1626 3494 inferior
1654 3421 1688 3495 in
1715 3423 1818 3495 trailu
1837 3420 1948 3508 niuali,
1970 3442 2093 3513 quous·

581 3540 650 3614 que
674 3519 767 3596 limes
789 3521 933 3614 superior
956 3519 1173 3602 seerrtendar,
1196 3520 1412 3611 ignoramus,
1437 3539 1577 3589 attamen
1599 3519 1685 3588 haud
1708 3522 1808 3592 dubie
1828 3519 1875 3591 est
1889 3517 1989 3590 multo
2002 3519 2096 3591 altior

581 3617 823 3692 celfiisrmorum
844 3616 1005 3688 montium
1028 3615 1222 3699 verticibus3
1248 3616 1325 3705 quia
1343 3615 1447 3686 nubes
1472 3613 1620 3707 quadam
1643 3614 1737 3687 altius
1759 3613 2043 3702 adscendunt,·dt
2065 3620 2099 3689 in

582 3717 659 3787 aere
677 3718 826 3789 volitant.

636 3846 669 3934 ἕ.
694 3839 963 3916 MMCCCXII.
988 3836 1099 3911 Limes
1129 3841 1271 3934 regionis
1295 3839 1407 3913 nivalis
1431 3839 1566 3913 inferior
1591 3840 1726 3914 nonest
1752 3863 1903 3914 accurate
1931 3837 2097 3932 parallelus

589 3939 769 4035 superficiei
791 3962 909 4026 terrae,
932 3935 986 4008 sed
1011 3935 1206 4009 descendere
1229 3940 1362 4034 pergit,
1386 3958 1455 4028 quo
1481 3939 1498 4007 l
1521 3939 1607 4010 zoni
1632 3937 1753 4011 torridi
1777 3938 1878 4030 polos
1901 3937 2012 4012 versus
2036 3960 2099 4008 ma·

585 4045 637 4138 gis
660 4038 811 4114 recellit:
843 4042 877 4110 in
907 4033 1017 4108 medio
1038 4034 1144 4105 Zonae
1165 4035 1297 4105 torrida
1321 4034 1367 4106 est
1390 4035 1443 4105 hic
1470 4035 1563 4107 limes
1597 4038 1687 4130 snpra
1714 4034 1917 4128 superficiem
1948 4038 2044 4106 maris
2067 4037 2102 4105 in

583 4138 754 4212 altitudine
780 4157 877 4232 2434
910 4131 1175 4225 hexapedarum:
1219 4131 1411 4230 ingrelsurus
1435 4134 1561 4205 initium
1588 4135 1751 4207 Zonarum
1779 4153 2031 4225 temperatorum
2053 4131 2102 4201 est

584 4234 691 4310 modo
717 4236 892 4310 altitudinis
920 4253 1014 4304 oroo
1037 4228 1307 4323 hexapedarum,
1341 4251 1409 4302 tum
1430 4234 1590 4329 attingens
1613 4234 1765 4304 verticem
1788 4232 1906 4310 montis
1930 4229 1974 4297 de
1990 4228 2103 4297 Tene·

588 4333 678 4405 riffa:
703 4337 738 4406 in
766 4333 891 4417 Gallia,
919 4327 1064 4402 &Chili
1086 4332 1147 4400 erit
1171 4328 1300 4399 circiter
1330 4351 1342 4398 r
1350 4348 1421 4420 500
1445 4328 1497 4400 vel
1527 4331 1618 4401 1600
1644 4328 1821 4423 hempedas
1848 4323 1957 4410 altus3
1993 4319 2104 4394 &ita
2170 4354 2172 4358 ·

586 4430 721 4508 ulterius
745 4432 842 4526 polos
865 4431 971 4500 versus
998 4426 1188 4526 pergendo,
1214 4425 1343 4497 tandem
1367 4426 1424 4497 sub
1446 4427 1574 4498 circulis
1589 4426 1758 4520 polaribus
1785 4423 1910 4520 attingit
1933 4419 2052 4492 solum.

640 4564 674 4652 ἕ.
699 4558 983 4634 MMCCCXIII.
1007 4556 1175 4655 Quoniam
1208 4559 1305 4652 igitur
1329 4557 1438 4630 Mons
1470 4557 1695 4632 Chimboraco
1719 4556 1764 4629 eil
1800 4551 2103 4648 3217hexrpeen

565 4659 675 4780 ¹ultus
698 4657 791 4752 supra
814 4680 925 4752 mare,
950 4657 1018 4749 eius
1039 4677 1148 4728 vertex
1172 4654 1213 4726 ad
1236 4654 1440 4727 altitudinem
1467 4657 1538 4730 800
1562 4655 1802 4751 hexapednrum
1822 4653 1870 4740 est
1890 4653 1964 4724 niue
1989 4670 2107 4817 perpneu·³

666 4954 729 5040 (a)
746 4951 822 5026 Ellis
841 4970 956 5038 voyage
976 4963 1009 5016 to
1030 4951 1153 5020 liudion
1165 4911 1244 5031 nn.
1265 4964 1332 5030 pag.
1355 4952 1422 5020 rsa
