<?xml version="1.0" encoding="UTF-8"?>
<!DOCTYPE html PUBLIC "-//W3C//DTD XHTML 1.0 Transitional//EN"
    "http://www.w3.org/TR/xhtml1/DTD/xhtml1-transitional.dtd">
<html xmlns="http://www.w3.org/1999/xhtml" xml:lang="en" lang="en">
 <head>
  <title>
</title>
<meta http-equiv="Content-Type" content="text/html;charset=utf-8" />
  <meta name='ocr-system' content='tesseract 3.04.00' />
  <meta name='ocr-capabilities' content='ocr_page ocr_carea ocr_par ocr_line ocrx_word'/>
</head>
<body>
  <div class='ocr_page' id='page_1' title='image "./introductioadph00lulogoog_0470.png"; bbox 0 0 4992 6767; ppageno 0'>
   <div class='ocr_carea' id='block_1_1' title="bbox 660 669 1933 815">
    <p class='ocr_par' dir='ltr' id='par_1_1' title="bbox 660 669 1933 815">
     <span class='ocr_line' id='line_1_1' title="bbox 660 669 1933 815; baseline -0.001 -25"><span class='ocrx_word' id='word_1_1' title='bbox 660 777 664 790; x_wconf 87' lang='lat'>.</span> <span class='ocrx_word' id='word_1_2' title='bbox 733 669 1628 786; x_wconf 80' lang='lat' dir='ltr'>Massoarsnsuaas</span> <span class='ocrx_word' id='word_1_3' title='bbox 1849 719 1933 815; x_wconf 57' lang='lat' dir='ltr'>aa</span> 
     </span>
    </p>
   </div>
   <div class='ocr_carea' id='block_1_2' title="bbox 392 880 1928 2154">
    <p class='ocr_par' dir='ltr' id='par_1_2' title="bbox 405 880 1928 1466">
     <span class='ocr_line' id='line_1_2' title="bbox 457 880 1928 987; baseline 0.001 -24"><span class='ocrx_word' id='word_1_4' title='bbox 457 894 516 971; x_wconf 83' lang='lat' dir='ltr'>Est</span> <span class='ocrx_word' id='word_1_5' title='bbox 537 907 671 985; x_wconf 85' lang='lat' dir='ltr'>quoque</span> <span class='ocrx_word' id='word_1_6' title='bbox 693 890 728 959; x_wconf 91' lang='lat' dir='ltr'>in</span> <span class='ocrx_word' id='word_1_7' title='bbox 750 886 864 957; x_wconf 86' lang='lat' dir='ltr'>Scania</span> <span class='ocrx_word' id='word_1_8' title='bbox 880 901 976 952; x_wconf 87' lang='lat' dir='ltr'>arena</span> <span class='ocrx_word' id='word_1_9' title='bbox 999 880 1160 969; x_wconf 86' lang='lat' dir='ltr'>volatica,</span> <span class='ocrx_word' id='word_1_10' title='bbox 1187 905 1261 976; x_wconf 79' lang='lat' dir='ltr'>quae</span> <span class='ocrx_word' id='word_1_11' title='bbox 1281 886 1462 980; x_wconf 84' lang='lat' dir='ltr'>appellatur</span> <span class='ocrx_word' id='word_1_12' title='bbox 1476 888 1686 987; x_wconf 71' lang='lat' dir='ltr'>flag-stand,</span> <span class='ocrx_word' id='word_1_13' title='bbox 1712 891 1805 977; x_wconf 90' lang='lat' dir='ltr'>alba,</span> <span class='ocrx_word' id='word_1_14' title='bbox 1831 894 1928 971; x_wconf 84' lang='lat' dir='ltr'>flave-</span> 
     </span>
     <span class='ocr_line' id='line_1_3' title="bbox 407 979 1925 1083; baseline -0.006 -15"><span class='ocrx_word' id='word_1_15' title='bbox 407 992 516 1077; x_wconf 84' lang='lat' dir='ltr'><strong>scens,</strong></span> <span class='ocrx_word' id='word_1_16' title='bbox 542 984 736 1070; x_wconf 87' lang='lat' dir='ltr'>tenuilltma,</span> <span class='ocrx_word' id='word_1_17' title='bbox 761 987 815 1056; x_wconf 88' lang='lat' dir='ltr'>cui</span> <span class='ocrx_word' id='word_1_18' title='bbox 841 981 887 1050; x_wconf 86' lang='lat' dir='ltr'>eli</span> <span class='ocrx_word' id='word_1_19' title='bbox 909 979 1050 1050; x_wconf 84' lang='lat' dir='ltr'>admixta</span> <span class='ocrx_word' id='word_1_20' title='bbox 1075 984 1253 1076; x_wconf 85' lang='lat' dir='ltr'>perexigua</span> <span class='ocrx_word' id='word_1_21' title='bbox 1272 987 1384 1076; x_wconf 88' lang='lat' dir='ltr'>portio</span> <span class='ocrx_word' id='word_1_22' title='bbox 1413 1005 1505 1058; x_wconf 80' lang='lat' dir='ltr'>terrae</span> <span class='ocrx_word' id='word_1_23' title='bbox 1535 991 1654 1080; x_wconf 77' lang='lat' dir='ltr'>nigra:</span> <span class='ocrx_word' id='word_1_24' title='bbox 1680 990 1822 1060; x_wconf 80' lang='lat' dir='ltr'>abundat</span> <span class='ocrx_word' id='word_1_25' title='bbox 1843 1013 1925 1083; x_wconf 81' lang='lat' dir='ltr'>prae-</span> 
     </span>
     <span class='ocr_line' id='line_1_4' title="bbox 407 1077 1924 1183; baseline -0.003 -19"><span class='ocrx_word' id='word_1_26' title='bbox 407 1096 503 1183; x_wconf 85' lang='lat' dir='ltr'>cipue</span> <span class='ocrx_word' id='word_1_27' title='bbox 527 1092 560 1158; x_wconf 91' lang='lat' dir='ltr'>in</span> <span class='ocrx_word' id='word_1_28' title='bbox 585 1085 755 1166; x_wconf 71' lang='lat' dir='ltr'>trallibus,</span> <span class='ocrx_word' id='word_1_29' title='bbox 779 1082 836 1173; x_wconf 91' lang='lat' dir='ltr'>qui</span> <span class='ocrx_word' id='word_1_30' title='bbox 862 1077 883 1150; x_wconf 81' lang='lat' dir='ltr'>ai</span> <span class='ocrx_word' id='word_1_31' title='bbox 907 1077 1002 1148; x_wconf 90' lang='lat' dir='ltr'>litora</span> <span class='ocrx_word' id='word_1_32' title='bbox 1023 1079 1158 1170; x_wconf 88' lang='lat' dir='ltr'>propias</span> <span class='ocrx_word' id='word_1_33' title='bbox 1181 1078 1316 1167; x_wconf 90' lang='lat' dir='ltr'>absaat,</span> <span class='ocrx_word' id='word_1_34' title='bbox 1358 1103 1435 1153; x_wconf 90' lang='lat' dir='ltr'>cum</span> <span class='ocrx_word' id='word_1_35' title='bbox 1458 1105 1478 1154; x_wconf 87' lang='lat' dir='ltr'>a</span> <span class='ocrx_word' id='word_1_36' title='bbox 1502 1083 1797 1157; x_wconf 86' lang='lat' dir='ltr'>vehementioribus</span> <span class='ocrx_word' id='word_1_37' title='bbox 1820 1093 1924 1160; x_wconf 87' lang='lat' dir='ltr'>ventis</span> 
     </span>
     <span class='ocr_line' id='line_1_5' title="bbox 406 1171 1924 1284; baseline -0.002 -25"><span class='ocrx_word' id='word_1_38' title='bbox 406 1191 568 1284; x_wconf 78' lang='lat' dir='ltr'>agitatur,</span> <span class='ocrx_word' id='word_1_39' title='bbox 600 1202 638 1252; x_wconf 89' lang='lat' dir='ltr'>ea</span> <span class='ocrx_word' id='word_1_40' title='bbox 657 1178 759 1264; x_wconf 86' lang='lat' dir='ltr'>furit,</span> <span class='ocrx_word' id='word_1_41' title='bbox 786 1178 988 1272; x_wconf 77' lang='lat' dir='ltr'>agiteturque</span> <span class='ocrx_word' id='word_1_42' title='bbox 1013 1171 1187 1262; x_wconf 88' lang='lat' dir='ltr'>violentia,</span> <span class='ocrx_word' id='word_1_43' title='bbox 1211 1195 1248 1247; x_wconf 90' lang='lat' dir='ltr'>at</span> <span class='ocrx_word' id='word_1_44' title='bbox 1260 1180 1399 1269; x_wconf 77' lang='lat' dir='ltr'>aequoris</span> <span class='ocrx_word' id='word_1_45' title='bbox 1414 1178 1579 1271; x_wconf 84' lang='lat' dir='ltr'>cujusdam</span> <span class='ocrx_word' id='word_1_46' title='bbox 1599 1180 1733 1254; x_wconf 83' lang='lat' dir='ltr'>sabulosa</span> <span class='ocrx_word' id='word_1_47' title='bbox 1750 1183 1924 1256; x_wconf 86' lang='lat' dir='ltr'>vehemen-</span> 
     </span>
     <span class='ocr_line' id='line_1_6' title="bbox 406 1270 1922 1373; baseline -0.002 -18"><span class='ocrx_word' id='word_1_48' title='bbox 406 1284 519 1356; x_wconf 89' lang='lat' dir='ltr'>tillime</span> <span class='ocrx_word' id='word_1_49' title='bbox 545 1279 702 1351; x_wconf 83' lang='lat' dir='ltr'>aestaantis</span> <span class='ocrx_word' id='word_1_50' title='bbox 723 1273 862 1366; x_wconf 88' lang='lat' dir='ltr'>speciem</span> <span class='ocrx_word' id='word_1_51' title='bbox 888 1270 1030 1353; x_wconf 83' lang='lat' dir='ltr'>referat,</span> <span class='ocrx_word' id='word_1_52' title='bbox 1065 1270 1155 1361; x_wconf 92' lang='lat' dir='ltr'>qaod</span> <span class='ocrx_word' id='word_1_53' title='bbox 1180 1275 1355 1345; x_wconf 89' lang='lat' dir='ltr'>viatoribus</span> <span class='ocrx_word' id='word_1_54' title='bbox 1375 1275 1468 1348; x_wconf 89' lang='lat' dir='ltr'>valde</span> <span class='ocrx_word' id='word_1_55' title='bbox 1489 1275 1680 1366; x_wconf 83' lang='lat' dir='ltr'>molestum,</span> <span class='ocrx_word' id='word_1_56' title='bbox 1704 1299 1741 1351; x_wconf 92' lang='lat' dir='ltr'>ut</span> <span class='ocrx_word' id='word_1_57' title='bbox 1764 1279 1848 1373; x_wconf 79' lang='lat' dir='ltr'>sepe</span> <span class='ocrx_word' id='word_1_58' title='bbox 1871 1284 1922 1354; x_wconf 89' lang='lat' dir='ltr'>la·</span> 
     </span>
     <span class='ocr_line' id='line_1_7' title="bbox 405 1369 1432 1466; baseline -0.012 -12"><span class='ocrx_word' id='word_1_59' title='bbox 405 1382 486 1453; x_wconf 87' lang='lat' dir='ltr'>certi</span> <span class='ocrx_word' id='word_1_60' title='bbox 507 1380 628 1450; x_wconf 90' lang='lat' dir='ltr'>viarum</span> <span class='ocrx_word' id='word_1_61' title='bbox 653 1375 802 1444; x_wconf 84' lang='lat' dir='ltr'>aberrent</span> <span class='ocrx_word' id='word_1_62' title='bbox 823 1390 945 1466; x_wconf 88' lang='lat' dir='ltr'>magno</span> <span class='ocrx_word' id='word_1_63' title='bbox 968 1386 1045 1438; x_wconf 82' lang='lat' dir='ltr'>cana</span> <span class='ocrx_word' id='word_1_64' title='bbox 1069 1369 1142 1438; x_wconf 86' lang='lat' dir='ltr'>vitae</span> <span class='ocrx_word' id='word_1_65' title='bbox 1163 1370 1313 1459; x_wconf 86' lang='lat' dir='ltr'>periculo</span> <span class='ocrx_word' id='word_1_66' title='bbox 1339 1370 1432 1465; x_wconf 77' lang='lat' dir='ltr'>(a).</span> 
     </span>
    </p>

    <p class='ocr_par' dir='ltr' id='par_1_3' title="bbox 405 1463 1921 1858">
     <span class='ocr_line' id='line_1_8' title="bbox 461 1463 1919 1560; baseline 0.001 -13"><span class='ocrx_word' id='word_1_67' title='bbox 461 1474 584 1547; x_wconf 92' lang='lat' dir='ltr'>Verum</span> <span class='ocrx_word' id='word_1_68' title='bbox 599 1469 712 1542; x_wconf 81' lang='lat' dir='ltr'>tunuab</span> <span class='ocrx_word' id='word_1_69' title='bbox 728 1470 883 1560; x_wconf 77' lang='lat' dir='ltr'>arenarii,</span> <span class='ocrx_word' id='word_1_70' title='bbox 908 1465 1017 1556; x_wconf 91' lang='lat' dir='ltr'>quiin</span> <span class='ocrx_word' id='word_1_71' title='bbox 1039 1463 1134 1534; x_wconf 90' lang='lat' dir='ltr'>litore</span> <span class='ocrx_word' id='word_1_72' title='bbox 1156 1464 1343 1537; x_wconf 82' lang='lat' dir='ltr'>Hollandiae</span> <span class='ocrx_word' id='word_1_73' title='bbox 1371 1469 1474 1553; x_wconf 91' lang='lat' dir='ltr'>sant,</span> <span class='ocrx_word' id='word_1_74' title='bbox 1505 1471 1611 1542; x_wconf 84' lang='lat' dir='ltr'>arenis</span> <span class='ocrx_word' id='word_1_75' title='bbox 1635 1470 1816 1544; x_wconf 83' lang='lat' dir='ltr'>volatilibus</span> <span class='ocrx_word' id='word_1_76' title='bbox 1838 1495 1919 1548; x_wconf 91' lang='lat' dir='ltr'>con·</span> 
     </span>
     <span class='ocr_line' id='line_1_9' title="bbox 405 1559 1920 1662; baseline -0.006 -17"><span class='ocrx_word' id='word_1_77' title='bbox 405 1574 514 1662; x_wconf 85' lang='lat' dir='ltr'>liant,</span> <span class='ocrx_word' id='word_1_78' title='bbox 548 1592 621 1662; x_wconf 89' lang='lat' dir='ltr'>quae</span> <span class='ocrx_word' id='word_1_79' title='bbox 647 1588 666 1636; x_wconf 94' lang='lat' dir='ltr'>a</span> <span class='ocrx_word' id='word_1_80' title='bbox 688 1568 790 1638; x_wconf 88' lang='lat' dir='ltr'>ventis</span> <span class='ocrx_word' id='word_1_81' title='bbox 812 1568 847 1635; x_wconf 88' lang='lat' dir='ltr'>in</span> <span class='ocrx_word' id='word_1_82' title='bbox 872 1581 1007 1634; x_wconf 90' lang='lat' dir='ltr'>omnem</span> <span class='ocrx_word' id='word_1_83' title='bbox 1032 1559 1146 1631; x_wconf 83' lang='lat' dir='ltr'>delatae</span> <span class='ocrx_word' id='word_1_84' title='bbox 1170 1564 1302 1658; x_wconf 89' lang='lat' dir='ltr'>plagam</span> <span class='ocrx_word' id='word_1_85' title='bbox 1316 1563 1471 1654; x_wconf 87' lang='lat' dir='ltr'>plurimas</span> <span class='ocrx_word' id='word_1_86' title='bbox 1492 1586 1590 1638; x_wconf 83' lang='lat' dir='ltr'>tersas</span> <span class='ocrx_word' id='word_1_87' title='bbox 1614 1569 1808 1655; x_wconf 84' lang='lat' dir='ltr'>obruerent;</span> <span class='ocrx_word' id='word_1_88' title='bbox 1842 1594 1920 1659; x_wconf 86' lang='lat' dir='ltr'>pro·</span> 
     </span>
     <span class='ocr_line' id='line_1_10' title="bbox 405 1651 1921 1761; baseline -0.015 -19"><span class='ocrx_word' id='word_1_89' title='bbox 405 1671 549 1761; x_wconf 81' lang='lat' dir='ltr'>spadium</span> <span class='ocrx_word' id='word_1_90' title='bbox 567 1666 612 1737; x_wconf 82' lang='lat' dir='ltr'>eit</span> <span class='ocrx_word' id='word_1_91' title='bbox 632 1667 665 1735; x_wconf 90' lang='lat' dir='ltr'>in</span> <span class='ocrx_word' id='word_1_92' title='bbox 689 1665 793 1733; x_wconf 87' lang='lat' dir='ltr'>arenis</span> <span class='ocrx_word' id='word_1_93' title='bbox 807 1654 983 1751; x_wconf 87' lang='lat' dir='ltr'>plantando</span> <span class='ocrx_word' id='word_1_94' title='bbox 1008 1651 1145 1727; x_wconf 85' lang='lat' dir='ltr'>laneum</span> <span class='ocrx_word' id='word_1_95' title='bbox 1167 1679 1321 1736; x_wconf 83' lang='lat' dir='ltr'>acutum,</span> <span class='ocrx_word' id='word_1_96' title='bbox 1338 1661 1589 1750; x_wconf 83' lang='lat' dir='ltr'>saveCaricem;</span> <span class='ocrx_word' id='word_1_97' title='bbox 1614 1667 1648 1735; x_wconf 85' lang='lat' dir='ltr'>in</span> <span class='ocrx_word' id='word_1_98' title='bbox 1669 1670 1826 1738; x_wconf 71' lang='lat' dir='ltr'>comitatu</span> <span class='ocrx_word' id='word_1_99' title='bbox 1841 1666 1921 1737; x_wconf 71' lang='lat' dir='ltr'>zut.</span> 
     </span>
     <span class='ocr_line' id='line_1_11' title="bbox 405 1750 1528 1858; baseline -0.006 -22"><span class='ocrx_word' id='word_1_100' title='bbox 405 1767 532 1858; x_wconf 78' lang='lat' dir='ltr'>phania</span> <span class='ocrx_word' id='word_1_101' title='bbox 556 1765 651 1836; x_wconf 87' lang='lat' dir='ltr'>etiam</span> <span class='ocrx_word' id='word_1_102' title='bbox 672 1759 713 1830; x_wconf 92' lang='lat' dir='ltr'>ab</span> <span class='ocrx_word' id='word_1_103' title='bbox 735 1755 917 1850; x_wconf 87' lang='lat' dir='ltr'>hujusmodi</span> <span class='ocrx_word' id='word_1_104' title='bbox 938 1750 1060 1825; x_wconf 87' lang='lat' dir='ltr'>volatili</span> <span class='ocrx_word' id='word_1_105' title='bbox 1077 1775 1173 1825; x_wconf 87' lang='lat' dir='ltr'>arena</span> <span class='ocrx_word' id='word_1_106' title='bbox 1191 1753 1379 1828; x_wconf 85' lang='lat' dir='ltr'>infestantur</span> <span class='ocrx_word' id='word_1_107' title='bbox 1403 1758 1528 1829; x_wconf 88' lang='lat' dir='ltr'>coloni.</span> 
     </span>
    </p>

    <p class='ocr_par' dir='ltr' id='par_1_4' title="bbox 392 1847 1923 2154">
     <span class='ocr_line' id='line_1_12' title="bbox 392 1847 1923 1954; baseline -0.002 -19"><span class='ocrx_word' id='word_1_108' title='bbox 392 1875 394 1880; x_wconf 85' lang='lat'>&#39;</span> <span class='ocrx_word' id='word_1_109' title='bbox 456 1863 505 1935; x_wconf 86' lang='lat' dir='ltr'>Ita</span> <span class='ocrx_word' id='word_1_110' title='bbox 525 1865 559 1934; x_wconf 90' lang='lat' dir='ltr'>in</span> <span class='ocrx_word' id='word_1_111' title='bbox 575 1858 738 1932; x_wconf 84' lang='lat' dir='ltr'>Britannia</span> <span class='ocrx_word' id='word_1_112' title='bbox 759 1855 876 1926; x_wconf 90' lang='lat' dir='ltr'>minori</span> <span class='ocrx_word' id='word_1_113' title='bbox 892 1851 978 1922; x_wconf 85' lang='lat' dir='ltr'>eirca</span> <span class='ocrx_word' id='word_1_114' title='bbox 1002 1847 1044 1921; x_wconf 86' lang='lat' dir='ltr'>L.</span> <span class='ocrx_word' id='word_1_115' title='bbox 1069 1848 1156 1925; x_wconf 84' lang='lat' dir='ltr'>¹Paul</span> <span class='ocrx_word' id='word_1_116' title='bbox 1179 1850 1221 1920; x_wconf 90' lang='lat' dir='ltr'>de</span> <span class='ocrx_word' id='word_1_117' title='bbox 1246 1847 1342 1923; x_wconf 89' lang='lat' dir='ltr'>Leon</span> <span class='ocrx_word' id='word_1_118' title='bbox 1366 1854 1446 1922; x_wconf 89' lang='lat' dir='ltr'>mari</span> <span class='ocrx_word' id='word_1_119' title='bbox 1462 1851 1586 1944; x_wconf 85' lang='lat' dir='ltr'>adjacet</span> <span class='ocrx_word' id='word_1_120' title='bbox 1600 1855 1696 1954; x_wconf 83' lang='lat' dir='ltr'>plaga</span> <span class='ocrx_word' id='word_1_121' title='bbox 1712 1877 1787 1930; x_wconf 91' lang='lat' dir='ltr'>ante</span> <span class='ocrx_word' id='word_1_122' title='bbox 1802 1879 1923 1933; x_wconf 80' lang='lat' dir='ltr'>manum</span> 
     </span>
     <span class='ocr_line' id='line_1_13' title="bbox 410 1947 1922 2048; baseline -0.005 -13"><span class='ocrx_word' id='word_1_123' title='bbox 410 1962 515 2035; x_wconf 83' lang='lat'>1666.</span> <span class='ocrx_word' id='word_1_124' title='bbox 539 1959 707 2046; x_wconf 89' lang='lat' dir='ltr'>habitata,</span> <span class='ocrx_word' id='word_1_125' title='bbox 732 1951 787 2023; x_wconf 91' lang='lat' dir='ltr'>sed</span> <span class='ocrx_word' id='word_1_126' title='bbox 812 1971 899 2022; x_wconf 90' lang='lat' dir='ltr'>nunc</span> <span class='ocrx_word' id='word_1_127' title='bbox 926 1949 1009 2017; x_wconf 76' lang='lat' dir='ltr'>tedia</span> <span class='ocrx_word' id='word_1_128' title='bbox 1030 1967 1125 2017; x_wconf 85' lang='lat' dir='ltr'>arena</span> <span class='ocrx_word' id='word_1_129' title='bbox 1150 1949 1273 2019; x_wconf 86' lang='lat' dir='ltr'>volatili</span> <span class='ocrx_word' id='word_1_130' title='bbox 1295 1949 1336 2019; x_wconf 88' lang='lat' dir='ltr'>ad</span> <span class='ocrx_word' id='word_1_131' title='bbox 1349 1947 1552 2019; x_wconf 87' lang='lat' dir='ltr'>altitudinem</span> <span class='ocrx_word' id='word_1_132' title='bbox 1585 1975 1643 2022; x_wconf 84' lang='lat' dir='ltr'>ao.</span> <span class='ocrx_word' id='word_1_133' title='bbox 1668 1953 1806 2048; x_wconf 87' lang='lat' dir='ltr'>pedum,</span> <span class='ocrx_word' id='word_1_134' title='bbox 1829 1953 1864 2026; x_wconf 72' lang='grc' dir='ltr'>δι</span> <span class='ocrx_word' id='word_1_135' title='bbox 1887 1958 1922 2027; x_wconf 91' lang='lat' dir='ltr'>ln</span> 
     </span>
     <span class='ocr_line' id='line_1_14' title="bbox 402 2041 1922 2154; baseline -0.007 -24"><span class='ocrx_word' id='word_1_136' title='bbox 402 2056 608 2154; x_wconf 86' lang='lat' dir='ltr'>longitudine</span> <span class='ocrx_word' id='word_1_137' title='bbox 631 2052 664 2124; x_wconf 84' lang='lat'>6.</span> <span class='ocrx_word' id='word_1_138' title='bbox 691 2052 877 2132; x_wconf 86' lang='lat' dir='ltr'>leucarum,</span> <span class='ocrx_word' id='word_1_139' title='bbox 900 2063 997 2115; x_wconf 82' lang='lat' dir='ltr'>arena</span> <span class='ocrx_word' id='word_1_140' title='bbox 1018 2043 1088 2112; x_wconf 84' lang='lat' dir='ltr'>baec</span> <span class='ocrx_word' id='word_1_141' title='bbox 1108 2047 1214 2114; x_wconf 89' lang='lat' dir='ltr'>tenuis</span> <span class='ocrx_word' id='word_1_142' title='bbox 1234 2045 1378 2114; x_wconf 89' lang='lat' dir='ltr'>elevatur</span> <span class='ocrx_word' id='word_1_143' title='bbox 1401 2041 1550 2114; x_wconf 91' lang='lat' dir='ltr'>aVento</span> <span class='ocrx_word' id='word_1_144' title='bbox 1563 2046 1738 2136; x_wconf 89' lang='lat' dir='ltr'>aquilone,</span> <span class='ocrx_word' id='word_1_145' title='bbox 1761 2047 1797 2119; x_wconf 81' lang='lat' dir='ltr'>da</span> <span class='ocrx_word' id='word_1_146' title='bbox 1813 2051 1922 2120; x_wconf 87' lang='lat' dir='ltr'>subso-</span> 
     </span>
    </p>
   </div>
   <div class='ocr_carea' id='block_1_3' title="bbox 395 2130 2068 2241">
    <p class='ocr_par' dir='ltr' id='par_1_5' title="bbox 395 2130 2068 2241">
     <span class='ocr_line' id='line_1_15' title="bbox 395 2130 2068 2241; baseline -0.009 -15"><span class='ocrx_word' id='word_1_147' title='bbox 395 2155 506 2238; x_wconf 89' lang='lat' dir='ltr'>lano,</span> <span class='ocrx_word' id='word_1_148' title='bbox 540 2148 576 2221; x_wconf 78' lang='lat' dir='ltr'>dt</span> <span class='ocrx_word' id='word_1_149' title='bbox 600 2165 717 2241; x_wconf 84' lang='lat' dir='ltr'>magua</span> <span class='ocrx_word' id='word_1_150' title='bbox 743 2148 841 2237; x_wconf 88' lang='lat' dir='ltr'>copia</span> <span class='ocrx_word' id='word_1_151' title='bbox 873 2142 915 2214; x_wconf 89' lang='lat' dir='ltr'>de</span> <span class='ocrx_word' id='word_1_152' title='bbox 938 2138 1017 2211; x_wconf 92' lang='lat' dir='ltr'>loco</span> <span class='ocrx_word' id='word_1_153' title='bbox 1042 2139 1078 2210; x_wconf 91' lang='lat' dir='ltr'>ia</span> <span class='ocrx_word' id='word_1_154' title='bbox 1101 2130 1213 2211; x_wconf 92' lang='lat' dir='ltr'>locum</span> <span class='ocrx_word' id='word_1_155' title='bbox 1230 2141 1458 2229; x_wconf 87' lang='lat' dir='ltr'>provolvitur,</span> <span class='ocrx_word' id='word_1_156' title='bbox 1483 2141 1644 2236; x_wconf 84' lang='lat' dir='ltr'>obtegens</span> <span class='ocrx_word' id='word_1_157' title='bbox 1669 2140 1839 2230; x_wconf 62' lang='lat' dir='ltr'>terma&amp;</span> <span class='ocrx_word' id='word_1_158' title='bbox 1862 2144 1923 2216; x_wconf 89' lang='lat' dir='ltr'>do·</span> <span class='ocrx_word' id='word_1_159' title='bbox 2061 2163 2068 2174; x_wconf 95' lang='lat'><strong>·</strong></span> 
     </span>
    </p>
   </div>
   <div class='ocr_carea' id='block_1_4' title="bbox 397 2247 1926 3998">
    <p class='ocr_par' dir='ltr' id='par_1_6' title="bbox 402 2247 589 2344">
     <span class='ocr_line' id='line_1_16' title="bbox 402 2247 589 2344; baseline -0.032 -20"><span class='ocrx_word' id='word_1_160' title='bbox 402 2271 476 2324; x_wconf 85' lang='lat' dir='ltr'>moa</span> <span class='ocrx_word' id='word_1_161' title='bbox 499 2247 589 2344; x_wconf 88' lang='lat' dir='ltr'>(b).</span> 
     </span>
    </p>

    <p class='ocr_par' dir='ltr' id='par_1_7' title="bbox 397 2347 1926 3785">
     <span class='ocr_line' id='line_1_17' title="bbox 453 2347 1924 2451; baseline -0.001 -17"><span class='ocrx_word' id='word_1_162' title='bbox 453 2383 529 2436; x_wconf 59' lang='grc' dir='ltr'>που.</span> <span class='ocrx_word' id='word_1_163' title='bbox 554 2363 620 2432; x_wconf 85' lang='lat' dir='ltr'>Sed</span> <span class='ocrx_word' id='word_1_164' title='bbox 645 2379 721 2430; x_wconf 89' lang='lat' dir='ltr'>cum</span> <span class='ocrx_word' id='word_1_165' title='bbox 744 2351 874 2426; x_wconf 80' lang='lat' dir='ltr'>memlla</span> <span class='ocrx_word' id='word_1_166' title='bbox 890 2368 932 2417; x_wconf 85' lang='lat' dir='ltr'>ex</span> <span class='ocrx_word' id='word_1_167' title='bbox 953 2348 1086 2415; x_wconf 86' lang='lat' dir='ltr'>mineris</span> <span class='ocrx_word' id='word_1_168' title='bbox 1108 2347 1325 2444; x_wconf 88' lang='lat' dir='ltr'>colliguntur,</span> <span class='ocrx_word' id='word_1_169' title='bbox 1351 2349 1434 2441; x_wconf 86' lang='lat' dir='ltr'>saepe</span> <span class='ocrx_word' id='word_1_170' title='bbox 1463 2353 1502 2422; x_wconf 85' lang='lat' dir='ltr'>iis</span> <span class='ocrx_word' id='word_1_171' title='bbox 1523 2353 1674 2426; x_wconf 77' lang='lat' dir='ltr'>admixta</span> <span class='ocrx_word' id='word_1_172' title='bbox 1696 2351 1768 2427; x_wconf 88' lang='lat' dir='ltr'>surit</span> <span class='ocrx_word' id='word_1_173' title='bbox 1783 2357 1924 2451; x_wconf 89' lang='lat' dir='ltr'>ejusmo·</span> 
     </span>
     <span class='ocr_line' id='line_1_18' title="bbox 401 2438 1922 2550; baseline -0.004 -16"><span class='ocrx_word' id='word_1_174' title='bbox 401 2463 585 2550; x_wconf 70' lang='lat' dir='ltr'>(liparus,</span> <span class='ocrx_word' id='word_1_175' title='bbox 611 2475 684 2546; x_wconf 85' lang='lat' dir='ltr'>quae</span> <span class='ocrx_word' id='word_1_176' title='bbox 701 2451 763 2521; x_wconf 91' lang='lat' dir='ltr'>levi</span> <span class='ocrx_word' id='word_1_177' title='bbox 787 2451 865 2544; x_wconf 89' lang='lat' dir='ltr'>igne</span> <span class='ocrx_word' id='word_1_178' title='bbox 880 2461 980 2514; x_wconf 90' lang='lat' dir='ltr'>omne</span> <span class='ocrx_word' id='word_1_179' title='bbox 1009 2438 1165 2510; x_wconf 73' lang='lat' dir='ltr'>inausum</span> <span class='ocrx_word' id='word_1_180' title='bbox 1191 2445 1356 2516; x_wconf 86' lang='lat' dir='ltr'>metallum</span> <span class='ocrx_word' id='word_1_181' title='bbox 1382 2445 1524 2522; x_wconf 88' lang='lat' dir='ltr'>reddunt</span> <span class='ocrx_word' id='word_1_182' title='bbox 1544 2452 1685 2524; x_wconf 85' lang='lat' dir='ltr'>volatile.</span> <span class='ocrx_word' id='word_1_183' title='bbox 1735 2451 1799 2526; x_wconf 87' lang='lat' dir='ltr'>Hae</span> <span class='ocrx_word' id='word_1_184' title='bbox 1821 2459 1922 2528; x_wconf 86' lang='lat' dir='ltr'>mina·</span> 
     </span>
     <span class='ocr_line' id='line_1_19' title="bbox 404 2537 1923 2644; baseline -0.005 -12"><span class='ocrx_word' id='word_1_185' title='bbox 404 2582 449 2632; x_wconf 84' lang='lat' dir='ltr'>rae</span> <span class='ocrx_word' id='word_1_186' title='bbox 467 2574 599 2643; x_wconf 86' lang='lat' dir='ltr'>rapaces</span> <span class='ocrx_word' id='word_1_187' title='bbox 619 2551 727 2622; x_wconf 88' lang='lat' dir='ltr'>vocari</span> <span class='ocrx_word' id='word_1_188' title='bbox 752 2545 874 2614; x_wconf 88' lang='lat' dir='ltr'>solent:</span> <span class='ocrx_word' id='word_1_189' title='bbox 899 2558 1006 2632; x_wconf 89' lang='lat' dir='ltr'>partes</span> <span class='ocrx_word' id='word_1_190' title='bbox 1027 2537 1196 2625; x_wconf 77' lang='lat' dir='ltr'>admistae,</span> <span class='ocrx_word' id='word_1_191' title='bbox 1215 2538 1250 2612; x_wconf 69' lang='grc' dir='ltr'>ἃ</span> <span class='ocrx_word' id='word_1_192' title='bbox 1266 2542 1486 2618; x_wconf 87' lang='lat' dir='ltr'>volatilitatem</span> <span class='ocrx_word' id='word_1_193' title='bbox 1508 2547 1706 2636; x_wconf 88' lang='lat' dir='ltr'>efficientes,</span> <span class='ocrx_word' id='word_1_194' title='bbox 1731 2552 1923 2644; x_wconf 88' lang='lat' dir='ltr'>plerumque</span> 
     </span>
     <span class='ocr_line' id='line_1_20' title="bbox 404 2631 1922 2746; baseline -0.001 -23"><span class='ocrx_word' id='word_1_195' title='bbox 404 2654 476 2724; x_wconf 91' lang='lat' dir='ltr'>sunt</span> <span class='ocrx_word' id='word_1_196' title='bbox 489 2648 685 2729; x_wconf 86' lang='lat' dir='ltr'>arsenicum,</span> <span class='ocrx_word' id='word_1_197' title='bbox 711 2640 948 2722; x_wconf 89' lang='lat' dir='ltr'>antimonium,</span> <span class='ocrx_word' id='word_1_198' title='bbox 973 2631 1077 2706; x_wconf 85' lang='lat' dir='ltr'>&amp;illa</span> <span class='ocrx_word' id='word_1_199' title='bbox 1092 2637 1279 2720; x_wconf 90' lang='lat' dir='ltr'>mineralia,</span> <span class='ocrx_word' id='word_1_200' title='bbox 1304 2643 1476 2727; x_wconf 87' lang='lat' dir='ltr'>exquibus</span> <span class='ocrx_word' id='word_1_201' title='bbox 1493 2645 1633 2718; x_wconf 90' lang='lat' dir='ltr'>Zincum</span> <span class='ocrx_word' id='word_1_202' title='bbox 1650 2649 1868 2745; x_wconf 87' lang='lat' dir='ltr'>producitur(</span> <span class='ocrx_word' id='word_1_203' title='bbox 1887 2651 1922 2746; x_wconf 89' lang='lat'>).</span> 
     </span>
     <span class='ocr_line' id='line_1_21' title="bbox 405 2732 1923 2832; baseline -0.004 -12"><span class='ocrx_word' id='word_1_204' title='bbox 405 2747 473 2821; x_wconf 86' lang='lat' dir='ltr'>Sed</span> <span class='ocrx_word' id='word_1_205' title='bbox 483 2743 516 2816; x_wconf 74' lang='grc' dir='ltr'>δι</span> <span class='ocrx_word' id='word_1_206' title='bbox 525 2735 786 2826; x_wconf 68' lang='lat' dir='ltr'>metallorum&amp;</span> <span class='ocrx_word' id='word_1_207' title='bbox 799 2733 1079 2808; x_wconf 87' lang='lat' dir='ltr'>lemirnetallorum</span> <span class='ocrx_word' id='word_1_208' title='bbox 1088 2752 1194 2822; x_wconf 90' lang='lat' dir='ltr'>partes</span> <span class='ocrx_word' id='word_1_209' title='bbox 1208 2735 1242 2802; x_wconf 93' lang='lat' dir='ltr'>in</span> <span class='ocrx_word' id='word_1_210' title='bbox 1251 2736 1326 2828; x_wconf 88' lang='lat' dir='ltr'>igne</span> <span class='ocrx_word' id='word_1_211' title='bbox 1334 2732 1456 2828; x_wconf 84' lang='lat' dir='ltr'>vulgari</span> <span class='ocrx_word' id='word_1_212' title='bbox 1469 2741 1617 2808; x_wconf 81' lang='lat' dir='ltr'>volatiles</span> <span class='ocrx_word' id='word_1_213' title='bbox 1625 2743 1692 2810; x_wconf 82' lang='lat' dir='ltr'>lieri</span> <span class='ocrx_word' id='word_1_214' title='bbox 1701 2744 1831 2830; x_wconf 77' lang='lat' dir='ltr'>poliunt</span> <span class='ocrx_word' id='word_1_215' title='bbox 1840 2799 1851 2832; x_wconf 91' lang='lat'>‚</span> <span class='ocrx_word' id='word_1_216' title='bbox 1860 2747 1923 2818; x_wconf 82' lang='lat' dir='ltr'>five</span> 
     </span>
     <span class='ocr_line' id='line_1_22' title="bbox 404 2828 1926 2936; baseline -0.004 -20"><span class='ocrx_word' id='word_1_217' title='bbox 404 2845 503 2936; x_wconf 85' lang='lat' dir='ltr'>solae,</span> <span class='ocrx_word' id='word_1_218' title='bbox 520 2841 583 2912; x_wconf 87' lang='lat' dir='ltr'>five</span> <span class='ocrx_word' id='word_1_219' title='bbox 597 2861 662 2931; x_wconf 89' lang='lat' dir='ltr'>ope</span> <span class='ocrx_word' id='word_1_220' title='bbox 677 2838 859 2908; x_wconf 89' lang='lat' dir='ltr'>additarum</span> <span class='ocrx_word' id='word_1_221' title='bbox 874 2849 1050 2921; x_wconf 90' lang='lat' dir='ltr'>corporum</span> <span class='ocrx_word' id='word_1_222' title='bbox 1067 2850 1077 2898; x_wconf 81' lang='lat' dir='ltr'>t</span> <span class='ocrx_word' id='word_1_223' title='bbox 1094 2828 1481 2922; x_wconf 86' lang='lat' dir='ltr'>Stannum,Plumbum,</span> <span class='ocrx_word' id='word_1_224' title='bbox 1499 2830 1656 2918; x_wconf 86' lang='lat' dir='ltr'>Ferrum,</span> <span class='ocrx_word' id='word_1_225' title='bbox 1680 2835 1926 2922; x_wconf 82' lang='lat' dir='ltr'>AEs,Antimo·</span> 
     </span>
     <span class='ocr_line' id='line_1_23' title="bbox 400 2927 1925 3023; baseline -0.004 -12"><span class='ocrx_word' id='word_1_226' title='bbox 400 2944 515 3023; x_wconf 90' lang='lat' dir='ltr'>niam,</span> <span class='ocrx_word' id='word_1_227' title='bbox 540 2938 702 3018; x_wconf 88' lang='lat' dir='ltr'>Zineum,</span> <span class='ocrx_word' id='word_1_228' title='bbox 727 2929 952 3011; x_wconf 88' lang='lat' dir='ltr'>Bismuthum,</span> <span class='ocrx_word' id='word_1_229' title='bbox 979 2927 1196 3012; x_wconf 87' lang='lat' dir='ltr'>Mercurius,</span> <span class='ocrx_word' id='word_1_230' title='bbox 1223 2927 1372 2998; x_wconf 87' lang='lat' dir='ltr'>diuturna</span> <span class='ocrx_word' id='word_1_231' title='bbox 1393 2928 1554 3019; x_wconf 83' lang='lat' dir='ltr'>ignitione</span> <span class='ocrx_word' id='word_1_232' title='bbox 1574 2933 1703 3021; x_wconf 89' lang='lat' dir='ltr'>penitus</span> <span class='ocrx_word' id='word_1_233' title='bbox 1726 2936 1925 3005; x_wconf 86' lang='lat' dir='ltr'>comburun-</span> 
     </span>
     <span class='ocr_line' id='line_1_24' title="bbox 403 3021 1926 3120; baseline -0.003 -14"><span class='ocrx_word' id='word_1_234' title='bbox 403 3053 477 3120; x_wconf 90' lang='lat' dir='ltr'>tat,</span> <span class='ocrx_word' id='word_1_235' title='bbox 502 3030 538 3103; x_wconf 75' lang='grc' dir='ltr'>δι</span> <span class='ocrx_word' id='word_1_236' title='bbox 560 3029 778 3101; x_wconf 88' lang='lat' dir='ltr'>destruuntur:</span> <span class='ocrx_word' id='word_1_237' title='bbox 805 3029 987 3116; x_wconf 86' lang='lat' dir='ltr'>Argentum</span> <span class='ocrx_word' id='word_1_238' title='bbox 1016 3041 1135 3113; x_wconf 90' lang='lat' dir='ltr'>purum</span> <span class='ocrx_word' id='word_1_239' title='bbox 1162 3043 1181 3092; x_wconf 90' lang='lat' dir='ltr'>a</span> <span class='ocrx_word' id='word_1_240' title='bbox 1206 3021 1276 3092; x_wconf 93' lang='lat' dir='ltr'>solo</span> <span class='ocrx_word' id='word_1_241' title='bbox 1302 3027 1379 3118; x_wconf 89' lang='lat' dir='ltr'>igne</span> <span class='ocrx_word' id='word_1_242' title='bbox 1404 3025 1541 3094; x_wconf 84' lang='lat' dir='ltr'>terrestri</span> <span class='ocrx_word' id='word_1_243' title='bbox 1564 3047 1633 3096; x_wconf 91' lang='lat' dir='ltr'>non</span> <span class='ocrx_word' id='word_1_244' title='bbox 1655 3027 1846 3115; x_wconf 88' lang='lat' dir='ltr'>destruitur,</span> <span class='ocrx_word' id='word_1_245' title='bbox 1872 3031 1926 3101; x_wconf 89' lang='lat' dir='ltr'>sed</span> 
     </span>
     <span class='ocr_line' id='line_1_25' title="bbox 397 3117 1924 3224; baseline -0.005 -20"><span class='ocrx_word' id='word_1_246' title='bbox 397 3134 444 3203; x_wconf 90' lang='lat' dir='ltr'>&#39;ab</span> <span class='ocrx_word' id='word_1_247' title='bbox 466 3129 592 3224; x_wconf 74' lang='lat' dir='ltr'>adiedlo</span> <span class='ocrx_word' id='word_1_248' title='bbox 616 3123 810 3198; x_wconf 83' lang='lat' dir='ltr'>Antimonio</span> <span class='ocrx_word' id='word_1_249' title='bbox 832 3139 937 3188; x_wconf 90' lang='lat' dir='ltr'>totum</span> <span class='ocrx_word' id='word_1_250' title='bbox 956 3117 1085 3186; x_wconf 90' lang='lat' dir='ltr'>volatile</span> <span class='ocrx_word' id='word_1_251' title='bbox 1110 3117 1157 3185; x_wconf 88' lang='lat' dir='ltr'>lit.</span> <span class='ocrx_word' id='word_1_252' title='bbox 1206 3122 1334 3187; x_wconf 86' lang='lat' dir='ltr'>Auram</span> <span class='ocrx_word' id='word_1_253' title='bbox 1357 3121 1452 3188; x_wconf 89' lang='lat' dir='ltr'>etiam</span> <span class='ocrx_word' id='word_1_254' title='bbox 1475 3119 1586 3191; x_wconf 83' lang='lat' dir='ltr'>refillit</span> <span class='ocrx_word' id='word_1_255' title='bbox 1600 3123 1668 3216; x_wconf 85' lang='lat' dir='ltr'>igni</span> <span class='ocrx_word' id='word_1_256' title='bbox 1685 3125 1843 3210; x_wconf 87' lang='lat' dir='ltr'>terrestri,</span> <span class='ocrx_word' id='word_1_257' title='bbox 1867 3149 1924 3200; x_wconf 87' lang='lat' dir='ltr'>ve·</span> 
     </span>
     <span class='ocr_line' id='line_1_26' title="bbox 397 3211 1923 3318; baseline -0.006 -16"><span class='ocrx_word' id='word_1_258' title='bbox 397 3249 497 3312; x_wconf 80' lang='lat' dir='ltr'>rum,</span> <span class='ocrx_word' id='word_1_259' title='bbox 516 3224 708 3318; x_wconf 75' lang='lat' dir='ltr'>fiadjedum</span> <span class='ocrx_word' id='word_1_260' title='bbox 726 3220 762 3290; x_wconf 84' lang='lat' dir='ltr'>fit</span> <span class='ocrx_word' id='word_1_261' title='bbox 784 3214 896 3306; x_wconf 88' lang='lat' dir='ltr'>Hepar</span> <span class='ocrx_word' id='word_1_262' title='bbox 919 3213 1123 3295; x_wconf 84' lang='lat' dir='ltr'>Antimonii,</span> <span class='ocrx_word' id='word_1_263' title='bbox 1140 3211 1175 3282; x_wconf 87' lang='lat' dir='ltr'>iit</span> <span class='ocrx_word' id='word_1_264' title='bbox 1194 3212 1347 3296; x_wconf 90' lang='lat' dir='ltr'>volatile,</span> <span class='ocrx_word' id='word_1_265' title='bbox 1372 3215 1469 3302; x_wconf 87' lang='lat' dir='ltr'>quale</span> <span class='ocrx_word' id='word_1_266' title='bbox 1483 3218 1579 3285; x_wconf 87' lang='lat' dir='ltr'>etiam</span> <span class='ocrx_word' id='word_1_267' title='bbox 1600 3217 1647 3288; x_wconf 87' lang='lat' dir='ltr'>est</span> <span class='ocrx_word' id='word_1_268' title='bbox 1664 3220 1698 3289; x_wconf 92' lang='lat' dir='ltr'>in</span> <span class='ocrx_word' id='word_1_269' title='bbox 1712 3219 1792 3290; x_wconf 89' lang='lat' dir='ltr'>foco</span> <span class='ocrx_word' id='word_1_270' title='bbox 1809 3221 1923 3312; x_wconf 87' lang='lat' dir='ltr'>specu·</span> 
     </span>
     <span class='ocr_line' id='line_1_27' title="bbox 403 3305 1923 3415; baseline -0.007 -15"><span class='ocrx_word' id='word_1_271' title='bbox 403 3329 427 3400; x_wconf 95' lang='lat' dir='ltr'>li</span> <span class='ocrx_word' id='word_1_272' title='bbox 452 3326 572 3397; x_wconf 85' lang='lat' dir='ltr'>uliorii.</span> <span class='ocrx_word' id='word_1_273' title='bbox 613 3319 702 3415; x_wconf 89' lang='lat' dir='ltr'>Quia</span> <span class='ocrx_word' id='word_1_274' title='bbox 732 3312 860 3385; x_wconf 90' lang='lat' dir='ltr'>metalla</span> <span class='ocrx_word' id='word_1_275' title='bbox 890 3310 973 3400; x_wconf 84' lang='lat' dir='ltr'>saepe</span> <span class='ocrx_word' id='word_1_276' title='bbox 998 3312 1031 3379; x_wconf 91' lang='lat' dir='ltr'>in</span> <span class='ocrx_word' id='word_1_277' title='bbox 1060 3311 1158 3400; x_wconf 89' lang='lat' dir='ltr'>petris</span> <span class='ocrx_word' id='word_1_278' title='bbox 1182 3307 1349 3392; x_wconf 83' lang='lat' dir='ltr'>crescunt,</span> <span class='ocrx_word' id='word_1_279' title='bbox 1381 3305 1418 3377; x_wconf 72' lang='grc' dir='ltr'>ἂ</span> <span class='ocrx_word' id='word_1_280' title='bbox 1441 3310 1651 3384; x_wconf 84' lang='lat' dir='ltr'>inveniuntur</span> <span class='ocrx_word' id='word_1_281' title='bbox 1669 3317 1702 3384; x_wconf 93' lang='lat' dir='ltr'>in</span> <span class='ocrx_word' id='word_1_282' title='bbox 1725 3315 1816 3411; x_wconf 90' lang='lat' dir='ltr'>ligno</span> <span class='ocrx_word' id='word_1_283' title='bbox 1837 3318 1923 3388; x_wconf 81' lang='lat' dir='ltr'>folu-</span> 
     </span>
     <span class='ocr_line' id='line_1_28' title="bbox 406 3403 1925 3518; baseline -0.009 -33"><span class='ocrx_word' id='word_1_284' title='bbox 406 3429 428 3498; x_wconf 76' lang='lat'>11</span> <span class='ocrx_word' id='word_1_285' title='bbox 455 3423 550 3518; x_wconf 79' lang='lat' dir='ltr'>(d),</span> <span class='ocrx_word' id='word_1_286' title='bbox 575 3440 684 3512; x_wconf 86' lang='lat' dir='ltr'>patet,</span> <span class='ocrx_word' id='word_1_287' title='bbox 709 3434 823 3483; x_wconf 88' lang='lat' dir='ltr'>eoram</span> <span class='ocrx_word' id='word_1_288' title='bbox 842 3429 949 3495; x_wconf 87' lang='lat' dir='ltr'>partes</span> <span class='ocrx_word' id='word_1_289' title='bbox 963 3408 1005 3475; x_wconf 84' lang='lat' dir='ltr'>ab</span> <span class='ocrx_word' id='word_1_290' title='bbox 1026 3407 1101 3499; x_wconf 84' lang='lat' dir='ltr'>igne</span> <span class='ocrx_word' id='word_1_291' title='bbox 1124 3403 1331 3473; x_wconf 86' lang='lat' dir='ltr'>subterraneo</span> <span class='ocrx_word' id='word_1_292' title='bbox 1352 3425 1392 3472; x_wconf 84' lang='lat' dir='ltr'>ex</span> <span class='ocrx_word' id='word_1_293' title='bbox 1407 3405 1480 3474; x_wconf 87' lang='lat' dir='ltr'>imis</span> <span class='ocrx_word' id='word_1_294' title='bbox 1502 3406 1614 3477; x_wconf 84' lang='lat' dir='ltr'>Terrae</span> <span class='ocrx_word' id='word_1_295' title='bbox 1637 3409 1810 3483; x_wconf 86' lang='lat' dir='ltr'>visceribus</span> <span class='ocrx_word' id='word_1_296' title='bbox 1831 3414 1925 3485; x_wconf 77' lang='lat' dir='ltr'>inal-</span> 
     </span>
     <span class='ocr_line' id='line_1_29' title="bbox 404 3500 1925 3606; baseline -0.011 -12"><span class='ocrx_word' id='word_1_297' title='bbox 404 3545 474 3593; x_wconf 91' lang='lat' dir='ltr'>tum</span> <span class='ocrx_word' id='word_1_298' title='bbox 496 3518 603 3606; x_wconf 83' lang='lat' dir='ltr'>pelli,</span> <span class='ocrx_word' id='word_1_299' title='bbox 629 3510 664 3579; x_wconf 81' lang='lat' dir='ltr'>dt</span> <span class='ocrx_word' id='word_1_300' title='bbox 683 3501 898 3575; x_wconf 83' lang='lat' dir='ltr'>adbaeroscere</span> <span class='ocrx_word' id='word_1_301' title='bbox 911 3500 1105 3584; x_wconf 84' lang='lat' dir='ltr'>corporibus</span> <span class='ocrx_word' id='word_1_302' title='bbox 1126 3500 1261 3602; x_wconf 82' lang='lat' dir='ltr'>obviis,</span> <span class='ocrx_word' id='word_1_303' title='bbox 1291 3520 1365 3585; x_wconf 86' lang='lat' dir='ltr'>quae</span> <span class='ocrx_word' id='word_1_304' title='bbox 1389 3504 1543 3587; x_wconf 83' lang='lat' dir='ltr'>propiora</span> <span class='ocrx_word' id='word_1_305' title='bbox 1567 3505 1637 3572; x_wconf 92' lang='lat' dir='ltr'>sunt</span> <span class='ocrx_word' id='word_1_306' title='bbox 1663 3501 1774 3573; x_wconf 82' lang='lat' dir='ltr'>Terrae</span> <span class='ocrx_word' id='word_1_307' title='bbox 1791 3509 1925 3598; x_wconf 86' lang='lat' dir='ltr'>superfi-</span> 
     </span>
     <span class='ocr_line' id='line_1_30' title="bbox 405 3589 1926 3696; baseline -0.002 -18"><span class='ocrx_word' id='word_1_308' title='bbox 405 3620 491 3694; x_wconf 78' lang='lat' dir='ltr'>ciei,</span> <span class='ocrx_word' id='word_1_309' title='bbox 517 3608 551 3678; x_wconf 84' lang='lat' dir='ltr'>dt</span> <span class='ocrx_word' id='word_1_310' title='bbox 566 3607 650 3675; x_wconf 87' lang='lat' dir='ltr'>adeo</span> <span class='ocrx_word' id='word_1_311' title='bbox 666 3602 736 3671; x_wconf 87' lang='lat' dir='ltr'>lieri</span> <span class='ocrx_word' id='word_1_312' title='bbox 752 3618 819 3668; x_wconf 92' lang='lat' dir='ltr'>non</span> <span class='ocrx_word' id='word_1_313' title='bbox 835 3590 940 3685; x_wconf 90' lang='lat' dir='ltr'>potest</span> <span class='ocrx_word' id='word_1_314' title='bbox 963 3611 1051 3676; x_wconf 91' lang='lat' dir='ltr'>non,</span> <span class='ocrx_word' id='word_1_315' title='bbox 1068 3608 1103 3658; x_wconf 89' lang='lat' dir='ltr'>ut</span> <span class='ocrx_word' id='word_1_316' title='bbox 1122 3589 1307 3680; x_wconf 75' lang='lat' dir='ltr'>hujusmodi</span> <span class='ocrx_word' id='word_1_317' title='bbox 1324 3593 1493 3662; x_wconf 81' lang='lat' dir='ltr'>metallicae</span> <span class='ocrx_word' id='word_1_318' title='bbox 1509 3615 1616 3684; x_wconf 90' lang='lat' dir='ltr'>partes</span> <span class='ocrx_word' id='word_1_319' title='bbox 1640 3618 1681 3666; x_wconf 85' lang='lat' dir='ltr'>ex</span> <span class='ocrx_word' id='word_1_320' title='bbox 1697 3619 1779 3671; x_wconf 87' lang='lat' dir='ltr'>terta</span> <span class='ocrx_word' id='word_1_321' title='bbox 1792 3623 1926 3696; x_wconf 86' lang='lat' dir='ltr'>quoque</span> 
     </span>
     <span class='ocr_line' id='line_1_31' title="bbox 407 3707 1089 3785; baseline -0.026 -2"><span class='ocrx_word' id='word_1_322' title='bbox 407 3711 538 3785; x_wconf 86' lang='lat' dir='ltr'>evolent</span> <span class='ocrx_word' id='word_1_323' title='bbox 559 3707 591 3772; x_wconf 91' lang='lat' dir='ltr'>in</span> <span class='ocrx_word' id='word_1_324' title='bbox 617 3720 721 3770; x_wconf 87' lang='lat' dir='ltr'>auras.</span> <span class='ocrx_word' id='word_1_325' title='bbox 1087 3727 1089 3732; x_wconf 96' lang='lat'>·</span> 
     </span>
    </p>

    <p class='ocr_par' dir='ltr' id='par_1_8' title="bbox 407 3780 1924 3998">
     <span class='ocr_line' id='line_1_32' title="bbox 459 3780 1922 3888; baseline -0.005 -15"><span class='ocrx_word' id='word_1_326' title='bbox 459 3823 536 3879; x_wconf 77' lang='lat'>210.</span> <span class='ocrx_word' id='word_1_327' title='bbox 560 3797 692 3888; x_wconf 86' lang='lat' dir='ltr'>Insuper</span> <span class='ocrx_word' id='word_1_328' title='bbox 722 3793 889 3862; x_wconf 88' lang='lat' dir='ltr'>innumera</span> <span class='ocrx_word' id='word_1_329' title='bbox 912 3783 973 3854; x_wconf 89' lang='lat' dir='ltr'>alia</span> <span class='ocrx_word' id='word_1_330' title='bbox 996 3802 1038 3854; x_wconf 84' lang='lat' dir='ltr'>ex</span> <span class='ocrx_word' id='word_1_331' title='bbox 1058 3780 1229 3854; x_wconf 83' lang='lat' dir='ltr'>visceribus</span> <span class='ocrx_word' id='word_1_332' title='bbox 1255 3781 1368 3852; x_wconf 80' lang='lat' dir='ltr'>Tetrae</span> <span class='ocrx_word' id='word_1_333' title='bbox 1393 3788 1554 3858; x_wconf 88' lang='lat' dir='ltr'>continuo</span> <span class='ocrx_word' id='word_1_334' title='bbox 1572 3785 1733 3880; x_wconf 84' lang='lat' dir='ltr'>exspirant</span> <span class='ocrx_word' id='word_1_335' title='bbox 1746 3793 1780 3862; x_wconf 94' lang='lat' dir='ltr'>in</span> <span class='ocrx_word' id='word_1_336' title='bbox 1799 3791 1922 3879; x_wconf 85' lang='lat' dir='ltr'>altum,</span> 
     </span>
     <span class='ocr_line' id='line_1_33' title="bbox 407 3878 1924 3998; baseline -0.005 -25"><span class='ocrx_word' id='word_1_337' title='bbox 407 3906 572 3998; x_wconf 80' lang='lat' dir='ltr'>praecipue</span> <span class='ocrx_word' id='word_1_338' title='bbox 598 3916 639 3966; x_wconf 80' lang='lat' dir='ltr'>es</span> <span class='ocrx_word' id='word_1_339' title='bbox 658 3890 781 3963; x_wconf 87' lang='lat' dir='ltr'>fodinis</span> <span class='ocrx_word' id='word_1_340' title='bbox 802 3880 1013 3965; x_wconf 87' lang='lat' dir='ltr'>metallariis,</span> <span class='ocrx_word' id='word_1_341' title='bbox 1046 3900 1120 3969; x_wconf 79' lang='lat' dir='ltr'>qaae</span> <span class='ocrx_word' id='word_1_342' title='bbox 1144 3878 1280 3972; x_wconf 85' lang='lat' dir='ltr'>pallidas</span> <span class='ocrx_word' id='word_1_343' title='bbox 1304 3878 1445 3952; x_wconf 88' lang='lat' dir='ltr'>reddant</span> <span class='ocrx_word' id='word_1_344' title='bbox 1473 3882 1644 3958; x_wconf 86' lang='lat' dir='ltr'>bominum</span> <span class='ocrx_word' id='word_1_345' title='bbox 1667 3884 1793 3980; x_wconf 80' lang='lat' dir='ltr'>facies,</span> <span class='ocrx_word' id='word_1_346' title='bbox 1824 3909 1924 3965; x_wconf 79' lang='lat' dir='ltr'>eosve</span> 
     </span>
    </p>
   </div>
   <div class='ocr_carea' id='block_1_5' title="bbox 407 4002 1293 4169">
    <p class='ocr_par' dir='ltr' id='par_1_9' title="bbox 407 4002 1293 4169">
     <span class='ocr_line' id='line_1_34' title="bbox 407 4002 690 4074; baseline -0.053 -2"><span class='ocrx_word' id='word_1_347' title='bbox 407 4002 603 4074; x_wconf 85' lang='lat' dir='ltr'>interimunt.</span> <span class='ocrx_word' id='word_1_348' title='bbox 681 4043 690 4057; x_wconf 93' lang='lat'>.</span> 
     </span>
     <span class='ocr_line' id='line_1_35' title="bbox 453 4069 1293 4169; baseline -0.035 1"><span class='ocrx_word' id='word_1_349' title='bbox 453 4095 582 4169; x_wconf 88' lang='lat' dir='ltr'>Horam</span> <span class='ocrx_word' id='word_1_350' title='bbox 601 4085 751 4160; x_wconf 91' lang='lat' dir='ltr'>meminit</span> <span class='ocrx_word' id='word_1_351' title='bbox 774 4075 944 4150; x_wconf 87' lang='lat' dir='ltr'>Lucretius</span> <span class='ocrx_word' id='word_1_352' title='bbox 967 4069 1043 4145; x_wconf 87' lang='lat' dir='ltr'>Lib.</span> <span class='ocrx_word' id='word_1_353' title='bbox 1068 4097 1126 4147; x_wconf 90' lang='lat' dir='ltr'>vr.</span> <span class='ocrx_word' id='word_1_354' title='bbox 1151 4096 1183 4146; x_wconf 92' lang='lat' dir='ltr'>v.</span> <span class='ocrx_word' id='word_1_355' title='bbox 1212 4074 1293 4166; x_wconf 90' lang='lat'>807.</span> 
     </span>
    </p>
   </div>
   <div class='ocr_carea' id='block_1_6' title="bbox 595 4245 1638 4486">
    <p class='ocr_par' dir='ltr' id='par_1_10' title="bbox 595 4245 1638 4486">
     <span class='ocr_line' id='line_1_36' title="bbox 730 4245 1638 4352; baseline -0.01 -19"><span class='ocrx_word' id='word_1_356' title='bbox 730 4261 881 4352; x_wconf 80' lang='lat' dir='ltr'>Denique</span> <span class='ocrx_word' id='word_1_357' title='bbox 901 4256 957 4327; x_wconf 71' lang='lat' dir='ltr'>aba·</span> <span class='ocrx_word' id='word_1_358' title='bbox 978 4254 1104 4350; x_wconf 76' lang='lat' dir='ltr'>argenti</span> <span class='ocrx_word' id='word_1_359' title='bbox 1128 4245 1259 4346; x_wconf 80' lang='lat' dir='ltr'>uenus,</span> <span class='ocrx_word' id='word_1_360' title='bbox 1283 4253 1418 4347; x_wconf 80' lang='lat' dir='ltr'>aurique</span> <span class='ocrx_word' id='word_1_361' title='bbox 1433 4249 1638 4350; x_wconf 68' lang='lat' dir='ltr'>sequuntur,</span> 
     </span>
     <span class='ocr_line' id='line_1_37' title="bbox 595 4369 1485 4486; baseline -0.008 -33"><span class='ocrx_word' id='word_1_362' title='bbox 595 4455 608 4486; x_wconf 56' lang='lat'>‚</span> <span class='ocrx_word' id='word_1_363' title='bbox 732 4376 847 4452; x_wconf 77' lang='lat' dir='ltr'>Terrui</span> <span class='ocrx_word' id='word_1_364' title='bbox 864 4376 994 4469; x_wconf 77' lang='lat' dir='ltr'>penitus</span> <span class='ocrx_word' id='word_1_365' title='bbox 1012 4369 1199 4470; x_wconf 76' lang='lat' dir='ltr'>scrutantes</span> <span class='ocrx_word' id='word_1_366' title='bbox 1231 4370 1346 4444; x_wconf 84' lang='lat' dir='ltr'>abditu</span> <span class='ocrx_word' id='word_1_367' title='bbox 1366 4369 1485 4467; x_wconf 76' lang='lat' dir='ltr'>ferro,</span> 
     </span>
    </p>
   </div>
   <div class='ocr_carea' id='block_1_7' title="bbox 482 4667 1421 5102">
    <p class='ocr_par' dir='ltr' id='par_1_11' title="bbox 482 4667 1380 4998">
     <span class='ocr_line' id='line_1_38' title="bbox 482 4667 1273 4756; baseline -0.016 -17"><span class='ocrx_word' id='word_1_368' title='bbox 482 4676 540 4756; x_wconf 81' lang='lat' dir='ltr'>(a)</span> <span class='ocrx_word' id='word_1_369' title='bbox 560 4674 629 4735; x_wconf 76' lang='lat' dir='ltr'>Atia</span> <span class='ocrx_word' id='word_1_370' title='bbox 649 4670 790 4731; x_wconf 82' lang='lat' dir='ltr'>litteraria</span> <span class='ocrx_word' id='word_1_371' title='bbox 810 4667 989 4732; x_wconf 71' lang='lat' dir='ltr'>sueciam.</span> <span class='ocrx_word' id='word_1_372' title='bbox 1014 4682 1098 4743; x_wconf 81' lang='lat'>¹7³1·</span> <span class='ocrx_word' id='word_1_373' title='bbox 1119 4683 1184 4745; x_wconf 82' lang='lat' dir='ltr'>pag.</span> <span class='ocrx_word' id='word_1_374' title='bbox 1207 4681 1236 4738; x_wconf 83' lang='lat'>9.</span> <span class='ocrx_word' id='word_1_375' title='bbox 1266 4667 1273 4686; x_wconf 87' lang='grc'><strong>“</strong></span> 
     </span>
     <span class='ocr_line' id='line_1_39' title="bbox 482 4749 1380 4834; baseline -0.009 -23"><span class='ocrx_word' id='word_1_376' title='bbox 482 4749 730 4834; x_wconf 68' lang='lat' dir='ltr'>(b)1,&#39;llllloite</span> <span class='ocrx_word' id='word_1_377' title='bbox 752 4749 788 4808; x_wconf 87' lang='lat' dir='ltr'>de</span> <span class='ocrx_word' id='word_1_378' title='bbox 809 4749 935 4810; x_wconf 84' lang='lat' dir='ltr'>L’bcad.</span> <span class='ocrx_word' id='word_1_379' title='bbox 956 4749 1034 4825; x_wconf 77' lang='lat' dir='ltr'>Ray.</span> <span class='ocrx_word' id='word_1_380' title='bbox 1056 4750 1110 4808; x_wconf 79' lang='lat' dir='ltr'>A0.</span> <span class='ocrx_word' id='word_1_381' title='bbox 1136 4761 1221 4822; x_wconf 67' lang='grc' dir='ltr'>ηπ.</span> <span class='ocrx_word' id='word_1_382' title='bbox 1241 4758 1307 4826; x_wconf 76' lang='lat' dir='ltr'>pag.</span> <span class='ocrx_word' id='word_1_383' title='bbox 1330 4755 1380 4809; x_wconf 77' lang='lat'>10.</span> 
     </span>
     <span class='ocr_line' id='line_1_40' title="bbox 483 4825 1178 4913; baseline -0.012 -18"><span class='ocrx_word' id='word_1_384' title='bbox 483 4838 539 4913; x_wconf 85' lang='lat' dir='ltr'>(c)</span> <span class='ocrx_word' id='word_1_385' title='bbox 562 4828 691 4892; x_wconf 85' lang='lat' dir='ltr'>Crameri</span> <span class='ocrx_word' id='word_1_386' title='bbox 713 4825 858 4887; x_wconf 86' lang='lat' dir='ltr'>docimast.</span> <span class='ocrx_word' id='word_1_387' title='bbox 880 4840 952 4904; x_wconf 85' lang='lat' dir='ltr'>part.</span> <span class='ocrx_word' id='word_1_388' title='bbox 978 4841 1005 4887; x_wconf 91' lang='lat' dir='ltr'>r.</span> <span class='ocrx_word' id='word_1_389' title='bbox 1025 4843 1089 4903; x_wconf 81' lang='lat' dir='ltr'>pag.</span> <span class='ocrx_word' id='word_1_390' title='bbox 1113 4843 1178 4900; x_wconf 73' lang='lat'><strong>¹97·</strong></span> 
     </span>
     <span class='ocr_line' id='line_1_41' title="bbox 483 4905 1258 4998; baseline -0.017 -20"><span class='ocrx_word' id='word_1_391' title='bbox 483 4915 544 4998; x_wconf 78' lang='lat' dir='ltr'>(d)</span> <span class='ocrx_word' id='word_1_392' title='bbox 566 4911 730 4981; x_wconf 75' lang='lat' dir='ltr'>coaucta</span> <span class='ocrx_word' id='word_1_393' title='bbox 752 4906 933 4978; x_wconf 78' lang='lat' dir='ltr'>Boaaaieaa</span> <span class='ocrx_word' id='word_1_394' title='bbox 951 4905 1042 4978; x_wconf 72' lang='lat' dir='ltr'>aaa.</span> <span class='ocrx_word' id='word_1_395' title='bbox 1058 4921 1084 4983; x_wconf 81' lang='lat' dir='ltr'>s.</span> <span class='ocrx_word' id='word_1_396' title='bbox 1103 4923 1172 4988; x_wconf 72' lang='lat' dir='ltr'>pag.</span> <span class='ocrx_word' id='word_1_397' title='bbox 1187 4921 1258 4983; x_wconf 78' lang='lat'>241.</span> 
     </span>
    </p>

    <p class='ocr_par' dir='ltr' id='par_1_12' title="bbox 1175 5000 1421 5102">
     <span class='ocr_line' id='line_1_42' title="bbox 1175 5000 1421 5102; baseline -0.037 -4"><span class='ocrx_word' id='word_1_398' title='bbox 1175 5000 1235 5102; x_wconf 71' lang='lat' dir='ltr'>..Et</span> <span class='ocrx_word' id='word_1_399' title='bbox 1258 5019 1304 5077; x_wconf 75' lang='lat' dir='ltr'>ee</span> <span class='ocrx_word' id='word_1_400' title='bbox 1327 5018 1374 5095; x_wconf 76' lang='lat' dir='ltr'>te.</span> <span class='ocrx_word' id='word_1_401' title='bbox 1397 5005 1421 5090; x_wconf 81' lang='lat' dir='ltr'>a</span> 
     </span>
    </p>
   </div>
   <div class='ocr_carea' id='block_1_8' title="bbox 0 0 2500 6764">
    <p class='ocr_par' dir='ltr' id='par_1_13' title="bbox 0 0 2500 6764">
     <span class='ocr_line' id='line_1_43' title="bbox 0 0 2500 6764; baseline 0 0"><span class='ocrx_word' id='word_1_402' title='bbox 0 0 2500 6764; x_wconf 95' lang='lat' dir='ltr'> </span> 
     </span>
    </p>
   </div>
  </div>
 </body>
</html>
