4992 6767
560 831 566 841 p
674 715 1041 811 urumonus
1069 714 1174 804 na·
1201 718 1311 806 uus
1342 716 1671 811 visanum·
1850 736 1964 849 tam*

467 921 499 1023 §-
525 914 860 994 MDCCCXClX.
886 913 1045 998 Claritas,
1069 935 1134 1004 qua
1157 915 1307 988 videntur
1326 916 1481 1008 objedla,
1514 915 1565 987 vel
1587 915 1795 1009 aqualisvel
1823 917 1950 1015 major,

417 1026 566 1098 minorve
587 1016 653 1088 est:
681 1036 778 1107 aeque
803 1013 889 1085 clara
909 1012 1058 1084 videntur
1081 1011 1227 1112 objetla,
1253 1015 1385 1107 quaudo
1407 1015 1489 1085 radii
1510 1011 1552 1084 'ab
1576 1016 1617 1087 iis
1645 1017 1789 1109 replicati
1815 1022 1949 1111 paribus

417 1120 535 1195 vitibus
556 1113 822 1186 retinaelibriilas
847 1108 1001 1180 afficiunt.
1876 1120 1880 1127 '

465 1213 593 1287 Pendet
617 1208 899 1296 autem'claritatis
924 1205 1095 1276 discrimen
1119 1229 1139 1277 a
1160 1207 1306 1302 plurimis
1330 1210 1453 1296 causis,
1479 1230 1552 1301 quae
1572 1211 1624 1283 vei
1647 1213 1780 1309 fingulae
1804 1215 1947 1299 seorsum

412 1309 630 1396 dantum-vel
657 1303 882 1403 plures-fimul
897 1352 899 1359 -
913 1322 1134 1375 concurrunt:
1174 1305 1277 1396 major
1303 1306 1428 1377 claritas
1452 1308 1575 1399 pendet
1611 1318 1659 1382 ιο.
1690 1333 1710 1381 a
1738 1311 1948 1407 luciscopia

415 1410 530 1502 majori
546 1429 594 1478 ex
615 1406 748 1499 obiecto
762 1402 885 1475 lucido
909 1420 1058 1471 exeunte·
1072 1401 1122 1472 vel
1147 1424 1256 1495 opaco
1283 1406 1326 1474 ab
1347 1403 1479 1497 objelto
1498 1404 1639 1478 reflexa:
1655 1410 1758 1499 -quod
1778 1407 1814 1480 fit
1838 1412 1861 1482 sr
1886 1412 1947 1483 ob·

412 1508 534 1678 iffim
561 1504 657 1576 suerit
669 1505 927 1598 propinquum:
961 1496 1007 1567 est
1037 1502 1125 1569 enim
1144 1500 1236 1572 lucis
1259 1499 1397 1572 densitas
1418 1504 1453 1573 in
1476 1504 1604 1575 tutione
1642 1506 1763 1578 inversa
1785 1506 1948 1600 duplicata

438 1607 449 1625 ‘
494 1608 663 1677 ntiomm·
1624 1617 1627 1622 ·
1930 1597 1933 1602 ’

467 1715 517 1775 2'.
546 1698 611 1771 Vel
627 1701 651 1770 sr
667 1696 808 1771 albescat
826 1713 891 1767 aut·
904 1691 1017 1766 colore
1040 1692 1151 1785 aliquo
1167 1697 1319 1769 vivaciori
1343 1695 1597 1790 obJeetumntt
1610 1699 1794 1787 durantio,
1805 1698 1963 1792 Flavo,-

414 1798 468 1873 rel
491 1802 670 1871 inauratum
695 1796 791 1868 suerit
816 1795 970 1886 pictum.-
1253 1816 1256 1824 ·
1578 1870 1580 1874 ,
1625 1877 1631 1890 x

466 1906 516 1988 3⁰.
541 1893 858 1969 velvebenannut
871 1889 1076 1965 illustratum
1089 1891 1162 1965 vfive
1190 1888 1340 1971 aLuce
1374 1890 1460 1965 Solls
1478 1939 1510 1981 ,··
1540 1893 1593 1966 vel
1624 1892 1767 1986 plurmm
1800 1883 1947 1972 flamma·

415 2012 506 2066 mm&

465 2112 518 2182 4⁰·
544 2087 607 2161 Ve'l
622 2087 868 2182 'fi'eaobjedti'
889 2086 926 2159 fit
946 2087 1067 2186 figurat
1080 2107 1133 2159 ut·
1149 2086 1374 2180 plurimos-ad
1407 2086 1541 2159 oculum
1563 2090 1597 2158 in
1620 2087 1764 2180 quodam
1790 2088 1868 2161 loco
1893 2104 1949 2159 ree

412 2191 560 2288 verberet
582 2185 711 2273 radios,
736 2185 834 2258 veluti
857 2206 876 2254 a
902 2185 1038 2278 speculis
1061 2187 1233 2270 concavis,
1258 2184 1369 2256 vitreis
1391 2205 1446 2255 aut
1470 2184 1650 2256 metallicis.
1774 2191 1784 2212 ’

413 2382 553 2475 amplior
584 2380 707 2472 pupilla
724 2427 736 2458 ,
753 2430 755 2433 -
770 2380 895 2466 lrisque
929 2376 1112 2460 mobilior,
1142 2375 1252 2465 plures
1276 2374 1361 2444 lucis
1387 2374 1497 2447 radios·
1530 2394 1590 2465 per
1612 2376 1709 2445 oculi·
1725 2376 1879 2449 humores
1903 2378 1946 2449 ad

415 2481 551 2551 retinam
568 2476 762 2545 transmittet
784 2474 826 2541 ab
852 2470 986 2562 objectis
1010 2468 1187 2543 redditor.-

466 2574 521 2644 60.
546 2569 675 2662 Pendet
693 2568 713 2636 l
733 2565 953 2657 pelluciditate
972 2562 1007 2637 dt
1029 2566 1245 2657 limpiditate,
1266 2571 1404 2661 puritate
1426 2572 1521 2643 trium
1546 2570 1727 2643 humorum·
1741 2571 1851 2657 oculi,
1876 2591 1949 2643 mas

416 2673 479 2764 jori
503 2668 678 2760 plurimum
697 2663 801 2750 lucis,
820 2666 856 2735 in
879 2683 1032 2735 corneam
1056 2663 1206 2757 allapsam
1228 2665 1259 2735 se
1278 2670 1496 2758 penetrantis,
1520 2670 1859 2741 transmittentium-ad
1872 2668 1962 2744 Ra·-

420 2770 553 2838 tinam.·.

462 2872 518 2955 7⁰.
545 2858 622 2932 Hdc
645 2877 755 2930 tenera
781 2854 909 2930 &sana
937 2860 1049 2931 retinae
1065 2854 1148 2942 ,dt
1180 2861 1281 2932 totius
1312 2861 1404 2931 nervi
1433 2863 1535 2952 optici
1570 2861 1722 2932 conditio¹
1741 2863 1783 2932 ab
1808 2882 1878 2933 uno
1899 2859 1964 2931 sui·

414 2977 566 3031 mtremo
586 2956 628 3025 ad
646 2954 802 3039 alterum,
827 2975 846 3023 a
871 2975 940 3045 quo
961 2976 1054 3026 mens
1073 2954 1259 3038 vellicatur,
1284 2960 1464 3027 concurrit:
1491 2980 1559 3049 quo
1584 2959 1671 3027 enim
1702 2960 1844 3029 tenerior
1871 2959 1965 3028 reti·¹

414 3077 479 3142 na,
504 3056 546 3125 ab
566 3049 830 3124 eodemlumine
851 3051 1076 3123 vehementius
1099 3045 1286 3122 &tfacilius
1313 3054 1520 3138 movebitur,
1551 3073 1650 3144 quam
1671 3054 1800 3126 crallior
1827 3050 1862 3125 dt
1886 3058 1951 3126 im·

412 3152 603 3225 mobilior..

416 3311 420 3318 .
467 3251 518 3323 8⁰.
543 3243 982 3337 Clarius-ridenturobjesla
1004 3237 1136 3318 duobu's
1148 3243 1257 3318 oculis
1271 3242 1364 3314 fimul
1380 3265 1478 3336 quam
1497 3267 1587 3331 uno,
1611 3245 1803 3339 videturque
1819 3244 1948 3317 clarira⁴

416 3351 457 3421 tis
483 3346 655 3439 proportio
675 3346 759 3415 inter
783 3341 949 3434 objettum
965 3342 1096 3414 duobus
1117 3342 1221 3415 oculis
1247 3337 1376 3412 &uno
1392 3343 1588 3437 spedatunr,
1613 3342 1742 3415 elseutl
1764 3341 1869 3436 agad
1889 3362 1966 3417 tar

414 3444 471 3524 sed
494 3462 641 3515 accurate
665 3442 838 3531 proportio
862 3437 988 3510 definiri
1013 3440 1138 3529 nequit.

394 3536 402 3548 '
468 3538 637 3633 Quoniam
656 3539 755 3631 igitur
773 3557 792 3604 a
808 3534 946 3606 totidem
968 3537 1237 3606 concurrentibus
1260 3535 1362 3607 caulis
1380 3536 1503 3629 pendet
1524 3537 1649 3607 claritas
1657 3535 1873 3628 :objedlorum
1895 3538 1945 3610 vi·

464 2303 515 2377 50.
547 2284 603 2355 Ab
635 2282 850 2375 amplitudine
874 2282 1007 2370 pupillae
1037 2277 1073 2350 &
1106 2280 1288 2350 mobilitate
1314 2278 1406 2348 Iridis
1430 2279 1552 2368 pendet
1576 2281 1726 2351 claritas:
1763 2303 1832 2372 quo
1856 2285 1962 2354 enim·
2093 2291 2095 2295 ’

418 3638 547 3724 lorum,
571 3638 635 3706 vix.
651 3632 718 3701 ulla
742 3630 814 3721 spes
838 3629 997 3720 superest,
1021 3651 1098 3700 eam·
1115 3632 1157 3701 ad
1180 3651 1361 3702 accuratam
1395 3632 1575 3703 mensuram
1606 3635 1715 3702 vocari
1740 3632 1854 3723 polle:
1887 3635 1963 3725 quir
2096 3676 2106 3696 .

416 3753 527 3805 autent
551 3732 585 3801 in
608 3726 676 3798 hoc
699 3725 840 3797 themate
863 3725 985 3798 difficili
1008 3747 1141 3818 operam
1164 3726 1306 3814 locabit,
1331 3731 1423 3801 omui
1446 3728 1542 3801 laude
1565 3728 1684 3824 dignus
1705 3727 1764 3799 est.

469 3856 500 3954 l.
527 3850 759 3929 MDCCCC.
784 3851 818 3923 Si
841 3871 955 3921 omnes
976 3849 1028 3921 hae
1054 3852 1086 3922 8.
1102 3853 1311 3923 conditiones
1335 3852 1426 3924 simul
1449 3872 1664 3944 concurrant,
1690 3853 1818 3945 objecta
1836 3850 1947 3922 claris·

417 3957 496 4028 fime
519 3954 776 4045 conspiciuntur:
801 3947 824 4017 fi
850 3968 913 4019 una
935 3946 985 4019 vel
1009 3946 1220 4021 aiteracausa
1241 3945 1337 4020 suerit
1370 3954 1477 4020 minus
1498 3949 1666 4039 persesta,
1692 3950 1818 4042 objecta
1839 3950 1968 4020 minus*

416 4055 502 4126 clare
525 4050 754 4143 apparebuntt·
769 4064 870 4137 prout
891 4044 1095 4116 conditiones
1105 4045 1193 4136 plus
1213 4067 1232 4115 a
1263 4045 1463 4136 perfectione
1492 4045 1627 4129 absunt,
1661 4046 1789 4138 objecta
1809 4066 1947 4129 cernen-

418 4172 469 4223 tur
491 4150 706 4221 obscuriora..
737 4141 885 4214 Obscura
905 4162 1014 4213 autem
1036 4162 1234 4227 cernuntur,
1259 4163 1400 4232 quorum
1437 4139 1513 4210 Lux
1535 4162 1651 4231 parum
1677 4144 1777 4233 agitat
1805 4140 1966 4226 oculos,-

421 4269 457 4320 ut
480 4269 571 4320 mens
596 4246 709 4316 leviter
736 4260 860 4313 tantum
885 4239 1050 4309 afficiatur.
1952 4271 1961 4302 t

427 4377 429 4381 f
467 4342 634 4440 Quoniam
666 4339 760 4412 oculi.
778 4340 813 4409 iu
835 4337 970 4408 homine
993 4355 1065 4405 raro
1088 4333 1152 4405 diei
1171 4333 1307 4426 spatio,
1339 4333 1392 4407 vel
1413 4333 1540 4426 aliquot
1562 4330 1594 4403 se
1615 4331 1853 4423 excipientibus
1877 4330 1947 4402 die·

417 4445 498 4527 bus,
523 4442 641 4512 eodem
666 4437 769 4510 modo
791 4434 865 4507 sunt
887 4432 1073 4517 constituti,
1097 4431 1290 4524 discrepabit
1311 4435 1472 4505 continuo
1495 4430 1640 4515 claritas,
1665 4429 1733 4521 qud
1752 4429 1867 4501 eadem
1883 4429 1950 4502 ob·-

414 4542 500 4634 jetta
520 4538 723 4628 speclamur:
740 4534 987 4622 concurritque
1016 4529 1069 4601 hic
1092 4549 1162 4600 noa
1180 4552 1295 4622 parurn
1319 4529 1440 4603 diversa
1467 4523 1705 4620 Atmosphaerae
1726 4529 1831 4602 esrem
1855 4528 1945 4621 puti-

419 4659 488 4725 tas‚
514 4633 801 4724 pelluciditasque,
814 4652 902 4721 que
919 4625 1067 4700 rarifflme
1080 4647 1139 4719 per
1154 4647 1267 4700 totum
1288 4628 1374 4701 diem
1398 4628 1444 4699 est
1465 4626 1652 4720 aequabilia·
1691 4623 1858 4703 Minuitur
1871 4625 1944 4704 haec

414 4729 589 4806 difficultas
603 4730 663 4821 ‚ti
688 4729 757 4798 duo
777 4727 904 4818 objecta
923 4727 1028 4800 vicina
1044 4724 1171 4798 eodem
1195 4744 1343 4820 tempore
1366 4727 1565 4802 videantur.-

416 4850 767 5030 aesss.MDCCCC¹‘
789 4848 844 4928 ΒΧ
865 4852 916 4932 ¹¹³⁵
935 4871 1050 4951 ΡΜ
1075 4873 1175 4951 quse
1198 4851 1347 4957 Mvmes
1363 4851 1492 4951 objecta
1515 4850 1638 4980 curmT
1653 4869 1756 4951 avan.
1779 4847 1948 5004 teneam
