4992 6767
739 706 1607 804 ennorrnron.
1833 720 1943 833 ao,

391 949 396 956 ·
422 913 427 924 '
461 909 550 1010 ¹Quo
574 910 726 985 Mediam
750 929 853 1002 poros
868 907 1012 1001 'implens
1034 906 1142 980 luceru
1162 906 1385 982 vehementius
1409 911 1563 995 emerit,
1592 910 1638 979 ita
1664 920 1703 979 ut
1728 923 1823 1002 aqua
1846 915 1879 985 vi
1899 935 1940 989 ac

397 1029 523 1108 portes
547 1011 696 1102 corporis
717 1010 754 1080 ir
777 1005 885 1078 lucem
908 1023 1086 1098 operetur,
1109 1025 1230 1095 cotptu
1254 1007 1447 1098 pellucidius
1470 1006 1596 1079 evadet.

394 1143 398 1151 ·
459 1106 544 1179 :lloc
565 1127 667 1180 omne
681 1105 798 1179 nititur
819 1102 1121 1175 obsermtlouibus:
1154 1100 1264 1173 chtrtn
1286 1124 1396 1196 putu,
1421 1101 1513 1190 ulbu,
1535 1101 1605 1175 iere
1627 1101 1675 1175 eli
1695 1123 1829 1196 opaca:
1863 1124 1937 1178 eam

409 1202 593 1290 numedia,
618 1204 682 1278 live
699 1221 806 1296 poros
825 1200 928 1292 imple
953 1200 1070 1289 tqui3
1100 1200 1235 1289 incipiet
1265 1200 1453 1290 pellucere:
1483 1202 1526 1271 ab
1556 1199 1634 1272 oleo
1657 1200 1812 1274 olivarum
1835 1200 1939 1276 adlito

409 1301 532 1374 vclarius
559 1301 728 1393 pellucet:
760 1297 803 1368 ab
832 1295 936 1368 allusu
967 1295 1089 1386 Spiritu
1108 1294 1189 1367 Viui
1216 1292 1421 1381 rectificato,
1453 1317 1509 1370 aut
1529 1298 1572 1368 ab
1594 1298 1672 1369 olco
1692 1295 1938 1372 Terebinthinr:

392 1396 583 1470 -clatillime
611 1398 755 1489 pellucet
769 1393 869 1466 instar
890 1394 981 1465 vitri:
1006 1393 1074 1464 olei
1093 1394 1182 1463 enirn
1205 1389 1449 1465 Terebinthlne
1471 1396 1520 1465 uls
1542 1391 1738 1490 :effringendi
1762 1395 1870 1468 lucem
1888 1395 1937 1469 est

397 1495 457 1566 ed
481 1515 554 1565 eam
579 1495 643 1565 olei
667 1494 843 1576 olivanum,
867 1492 916 1561 uti
946 1510 1077 1580 13:22.
1100 1489 1143 1560 ad
1172 1489 1302 1582 1:607.
1511 1531 1519 1548 s

462 1589 595 1673 Terrae,
619 1590 758 1674 Arene,
782 1585 926 1678 Lapides
946 1584 1169 1669 virescentes,
1193 1584 1247 1656 Sal
1271 1584 1438 1658 Alcaliuur
1459 1584 1532 1656 sunt
1549 1606 1690 1677 corpora
1709 1608 1844 1679 opacu3
1878 1587 1933 1660 su

411 1705 491 1758 cunr
512 1689 625 1778 aliquo
646 1703 901 1758 memoratorum
922 1681 1107 1754 vehementi
1127 1683 1203 1778 igne
1225 1677 1261 1752 δι
1282 1682 1438 1755 diuturno
1455 1680 1563 1770 fusus,
1587 1703 1689 1775 putor
1703 1685 1862 1776 impleus,
1887 1685 1935 1758 vi·

417 1800 503 1853 trum
527 1783 727 1875 pellucidum
752 1778 927 1852 constituit.

464 1879 648 1971 Capiantur
668 1877 762 1950 Talei
782 1876 856 1948 due
878 1893 1011 1968 partes,
1047 1873 1156 1945 Cretae
1181 1873 1349 1959 totidem,
1379 1870 1514 1948 Boracis
1537 1897 1627 1964 unu,
1660 1875 1844 1949 vehementi
1866 1881 1936 1975 igni

395 1974 580 2064 ¹commissa
598 1975 746 2070 prebent
760 1971 978 2064 compulimm
995 1969 1214 2062 pellucidum,
1238 1967 1500 2053 viridiusculum,
1525 1968 1713 2061 splendens:
1737 1971 1790 2045 vel
1802 1978 1934 2066 capian-

414 2089 466 2141 tur
489 2071 598 2143 Ctetae
619 2091 726 2163 partes
751 2088 911 2160 quatuor,
935 2065 1047 2159 Spathi
1070 2063 1203 2138 fufibilis
1224 2086 1332 2156 partes
1354 2084 1440 2147 tres,
1464 2057 1559 2136 Talei
1583 2088 1656 2157 pars
1679 2089 1774 2153 una,
1799 2068 1871 2141 haec
1897 2072 1932 2142 iu

411 2167 488 2262 igne
510 2167 693 2239 vehementi
715 2185 883 2238 vertuntur
903 2166 937 2236 in
961 2159 1091 2233 mallum
1115 2162 1331 2253 pellucidam,
1356 2181 1398 2231 ex
1422 2159 1512 2232 flavo
1539 2164 1762 2235 rubescentem
1788 2163 1810 2258 (
1849 2165 1884 2260 ).
2032 2195 2037 2204 ·

456 2259 585 2334 Victum
606 2261 886 2355 pellucidiffimum
913 2263 948 2327 in
968 2258 1135 2346 pulverem
1160 2256 1408 2337 contundatur,
1432 2254 1537 2343 pulvis
1556 2261 1617 2326 erit
1639 2258 1836 2345 albissimus,
1861 2282 1935 2333 om·

407 2359 489 2430 nlno
514 2381 667 2450 opacus,
695 2360 743 2424 uti
771 2360 876 2424 vitreo
905 2351 1005 2440 plano
1028 2349 1197 2439 impofitus
1215 2368 1372 2440 apparet:
1408 2369 1509 2439 potos
1535 2351 1675 2440 pulveris
1702 2352 1803 2444 imple
1828 2376 1933 2449 aqua,

408 2456 546 2545 incipiet
568 2454 767 2540 aliquantum
791 2446 975 2539 pellucetc:
999 2446 1041 2516 ab
1061 2442 1164 2516 affuso
1188 2444 1265 2518 oleo
1287 2443 1528 2516 Terebinthinae
1546 2447 1674 2538 prorsus
1690 2448 1852 2540 pellucet:
1876 2471 1933 2524 aut

409 2549 491 2619 duas
512 2567 594 2636 cape
615 2541 869 2634 semipellucidas
887 2543 1002 2611 vitreas
1022 2539 1186 2627 lamellas,
1210 2562 1291 2633 quas
1311 2539 1505 2612 extrinsecus
1528 2545 1670 2616 ambiant
1684 2544 1757 2615 dua:
1779 2543 1849 2619 aliae
1864 2546 1935 2639 pel·

411 2643 530 2713 lucide
553 2640 710 2724 lamellae,
734 2637 829 2709 malla
849 2657 1068 2726 componetur
1092 2636 1253 2722 obscura,
1285 2638 1397 2708 oleum
1419 2636 1661 2712 Terebinthinae
1684 2643 1802 2731 irrepat
1824 2645 1858 2715 in
1886 2643 1934 2714 la·

403 2738 593 2807 'melllarum
609 2732 849 2818 commiffuras,
873 2751 942 2802 tota
955 2732 1051 2802 malis
1065 2733 1259 2824 pellucebitt
1283 2753 1390 2824 portes
1407 2738 1543 2824 propius
1558 2735 1678 2807 udaiiae
1691 2786 1703 2822 ,
1716 2757 1794 2806 cum
1808 2742 1842 2809 in
1856 2742 1935 2836 igne

410 2831 612 2917 refimditut,
637 2833 779 2922 priorem
803 2829 976 2899 instaurant
998 2828 1264 2919 pellucidiratetn.

459 2927 625 2997 Albumeu
646 2929 702 2997 ovi
726 2924 925 3012 pellucidum
948 2922 1098 3008 effunde,
1124 2923 1299 3016 conquall'a
1324 2944 1361 2996 ut
1385 2924 1589 3015 fpnnescat,
1622 2929 1683 2997 erit
1705 2927 1816 3019 spurina
1837 2927 1935 3003 albis·

400 3021 486 3094 lima
507 3042 631 3113 opaca:
656 3020 795 3091 cessante
820 3021 931 3107 spuma
956 3019 1039 3088 redit
1054 3021 1188 3111 pristina
1210 3020 1424 3110 pellucidiras.

458 3119 600 3190 Acetum
624 3138 719 3208 eque
742 3137 782 3186 ac
803 3116 914 3185 oleum
938 3113 1092 3185 olivarum
1114 3116 1277 3209 pellucet,
1302 3135 1479 3205 utrumque
1499 3118 1694 3209 wnquallt,
1720 3120 1932 3213 coniundutu

410 3208 576 3307 utcunqtie
599 3212 877 3306 pellucidiffimum
901 3210 947 3281 est
972 3209 1120 3283 fluidum.
1484 3226 1494 3244 ⁰
1722 3253 1726 3260 ·

458 3318 557 3402 Aqua
578 3310 757 3384 admodum
779 3307 1001 3400 pellucet,e'n
1022 3329 1179 3401 vaporem
1200 3306 1316 3379 millies
1338 3309 1492 3380 rariorem
1518 3311 1584 3399 ope
1604 3313 1686 3407 ignis
1703 3312 1834 3386 redum
1847 3311 1932 3384 mul·

411 3430 446 3482 to
471 3412 578 3480 nrinus
602 3407 760 3500 pellucet:
786 3405 862 3476 hinc
881 3408 915 3476 in
939 3403 1161 3477 Laboratoriis
1182 3404 1378 3475 Tinllorum
1398 3401 1434 3474 dc
1459 3405 1740 3479 Cetevifiariotum
1765 3428 1862 3481 tantae
1889 3410 1931 3480 ab

409 3505 644 3600 :liutgentibus
676 3504 850 3591 vaporibus
879 3501 1042 3570 tenebtae:
1081 3501 1312 3572 adscendentes
1339 3499 1536 3590 vapores&
1563 3501 1643 3573 fumi
1668 3508 1871 3577 caminorum
1894 3506 1930 3577 in

409 3603 536 3673 sublimi
561 3604 634 3670 nite
658 3600 763 3667 nubes
789 3616 909 3683 opacas
931 3591 1084 3665 fortnunt.

458 3696 579 3784 Lapis,
605 3691 732 3764 Oculus
755 3689 869 3760 mundi
892 3688 1017 3774 dietus,
1042 3712 1164 3780 opacus
1187 3690 1254 3776 est,
1278 3694 1369 3783 potis
1389 3712 1473 3783 aqua
1494 3694 1634 3782 impletis
1655 3695 1807 3785 pellucet.

460 3791 572 3863 Simile
599 3787 677 3882 quid
703 3790 735 3858 iu
760 3784 878 3877 Gypso
905 3791 1027 3857 notavit
1050 3785 1144 3858 Nob.
1170 3786 1342 3884 Hugenius
1367 3787 1464 3879 (b),
1489 3812 1563 3860 cum
1585 3793 1723 3886 gypsum
1747 3792 1844 3866 instar
1864 3791 1932 3866 'cel-

410 3894 459 3962 cis
482 3910 556 3959 cum
581 3908 663 3978 aqua
687 3883 848 3978 subadlum
869 3884 1037 3971 recipienti
1060 3882 1231 3973 Boyleano
1252 3881 1530 3973 circumfudisset,
1562 3908 1629 3959 erat
1651 3910 1813 3983 opacum,
1837 3890 1930 3986 qood

409 3984 512 4058 affuso
537 3984 614 4056 oleo
640 3976 675 4052 ἂ
702 3977 935 4051 Terebinthina
957 3978 1152 4068 pellucebat.

457 4080 650 4152 Transiucet
673 4076 793 4173 glacies
816 4073 918 4146 modo
939 4095 1112 4161 concreta,
1136 4078 1263 4148 obortis
1288 4079 1383 4150 bullis
1408 4079 1510 4148 aireis
1534 4098 1638 4167 opaca
1660 4084 1717 4152 cst.

457 4178 521 4249 Scd
545 4181 712 4248 innumera
737 4170 847 4243 similia
871 4170 1085 4261 phaenomena
1110 4178 1268 4243 continuo
1293 4174 1364 4245 sunt
1389 4177 1496 4245 obvia.

457 4275 606 4365 Quando
630 4275 727 4367 igintt
751 4274 785 4340 in
807 4268 896 4339 mole
918 4287 1026 4359 partes
1053 4269 1125 4339 sunt
1146 4269 1383 4365 homogeneae,
1409 4275 1481 4362 pori
1495 4275 1665 4364 pauciores
1679 4273 1730 4346 vel
1747 4275 1931 4373 regulares,

408 4374 513 4445 moles
534 4370 675 4461 illapsam
697 4367 805 4439 lucem
825 4365 949 4437 avidius
968 4366 1125 4450 imbibet,
1148 4368 1322 4457 minusque
1344 4368 1509 4458 repellet,
1546 4389 1642 4461 quum
1674 4373 1696 4442 st
1718 4374 1831 4444 eadem
1858 4395 1928 4447 mo·

409 4472 456 4542 les
486 4488 591 4558 partes
614 4466 773 4555 receperit
792 4462 1047 4558 heterogereus,
1073 4483 1238 4554 porosque
1260 4468 1362 4559 magis
1383 4465 1601 4562 irregulares,
1635 4463 1670 4537 ἀ
1692 4469 1837 4566 fragilior
1855 4491 1930 4545 eva·

411 4567 509 4637 serit:
543 4563 577 4633 id
597 4581 685 4654 patet
707 4563 741 4630 in
763 4559 936 4645 Metellis,
962 4581 1036 4650 quae
1060 4560 1179 4630 fincera
1205 4559 1277 4631 sunt
1298 4561 1369 4632 satis
1391 4563 1626 4660 homogcnea,
1657 4566 1710 4636 sed
1733 4569 1775 4639 ud
1800 4568 1928 4661 specula

409 4658 580 4733 formanda
601 4680 669 4728 non
690 4656 828 4727 mulnrm
850 4655 978 4744 valent:
1002 4677 1114 4730 verum
1137 4657 1162 4727 li
1186 4657 1306 4728 diversa
1328 4659 1549 4750 misceantur,
1582 4683 1721 4755 quorum
1744 4685 1850 4758 partes
1874 4669 1930 4738 vix

1848 4782 1929 4835 con·

486 4877 546 4956 (n)
565 4878 731 4940 L'Histoire
751 4878 788 4938 de
809 4877 922 4943 l'llerd.
942 4882 980 4945 de
998 4883 1097 4948 Berlin
1119 4883 1170 4948 ΔΟ.
1191 4893 1278 4961 tyro.
1294 4891 1363 4965 pag.
1385 4903 1435 4966 ῃ.

484 4958 547 5037 (l)
565 4957 677 5023 Plrllol.
697 4958 796 5021 Trrus.
818 4960 874 5021 llo.
898 4976 964 5024 un.
1170 5040 1233 5114 Kk
1257 5043 1306 5114 kk
1329 5044 1351 5113 k

1294 5065 1305 5082 ’
1378 5068 1400 5113 2
