4992 6767
566 657 1630 786 nantsraonrstomnrs.
1717 691 1867 812 'aan-

332 886 428 980 Jedtae
450 897 664 953 evanescunt:
688 875 757 951 sere
778 899 894 950 omnes
911 898 993 962 cum
1166 888 1319 958 tormenti
1341 889 1465 980 explosi
1489 890 1655 966 desinunta
1682 893 1786 984 qualis
1806 895 1861 967 ilia

337 985 434 1058 etiam
457 1000 531 1068 quae
552 983 654 1048 Anno
682 995 786 1070 1750.
810 973 908 1048 Febr.
927 993 964 1065 9.
994 978 1023 1050 B
1083 985 1161 1054 aviae
1183 979 1245 1054 suit
1264 982 1326 1056 visa
1352 986 1455 1082 (a),
1486 991 1520 1060 in
1543 1011 1609 1082 qua
1632 989 1699 1061 hoc
1720 992 1861 1087 fingule-

381 1126 393 1162 ,
421 1076 512 1167 quod
536 1077 623 1145 circa
643 1075 716 1144 axin
748 1078 783 1144 in
807 1072 987 1145 rotundum
1009 1078 1206 1152 vertebatur:
1239 1099 1309 1152 tum
1334 1105 1409 1174 qum
1433 1091 1600 1161 memoriae
1623 1089 1695 1162 sunt
1722 1090 1862 1183 proditae

416 1192 565 1267 01753.
592 1171 672 1265 (b)
698 1193 834 1262 quarum
859 1173 975 1244 una-in
997 1174 1149 1267 paludem
1174 1176 1283 1268 illapsa
1305 1175 1505 1256 &exdndla

375 1301 420 1399 q.
447 1301 653 1375 MMDXll.
679 1301 762 1372 Sunt
783 1300 857 1372 loca
883 1301 1059 1391 inquibus
1083 1299 1269 1395 frequenter
1292 1303 1556 1396 conspiclnnmr,
1582 1303 1720 1396 &saepe
1734 1309 1875 1401 aliquot·

339 1422 404 1472 una
428 1404 545 1485 node,
566 1401 668 1471 veluti
691 1402 724 1470 in
749 1401 828 1469 urbe
850 1398 947 1470 Saum
971 1397 1080 1470 Maria
1100 1401 1142 1471 de
1159 1400 1190 1470 la
1207 1399 1324 1472 Parilia
1339 1403 1487 1476 tradente
1509 1405 1633 1491 Ullum
1661 1404 1721 1498 (c)
1748 1407 1861 1479 sedin

340 1496 803 1667 qqieiq¹gpitateistrrpqqqqurqrebra
833 1495 926 1583 sunt,
953 1491 987 1566 ἀ
1012 1496 1090 1567 ideo
1123 1496 1219 1571 instar
1243 1518 1314 1571 rare
1335 1504 1598 1618 contingentium
1622 1502 1801 1590 habentur,
1824 1498 1863 1575 dt

388 1718 420 1814 h.
447 1717 669 1793 MMDXlll.
694 1715 818 1789 Contin
844 1718 868 1786 ’t
890 1735 1150 1807 nonnunquam,
1173 1736 1210 1787 ut
1230 1737 1306 1787 cum
1330 1716 1491 1808 ejusmodi
1514 1717 1643 1792 bolides
1657 1722 1781 1814 absque
1797 1720 1861 1793 sra-
1925 1780 1929 1790 .

367 1837 425 1887 oro
447 1820 614 1901 desinunt,
640 1815 798 1888 nubecula
820 1737 883 1885 ffve
906 1812 1074 1907 vestigium
1098 1817 1239 1883 materiae
1264 1816 1472 1894 conbusta.
1504 1815 1631 1887 fumum
1664 1817 1864 1912 aemulantis,

405 1918 527 1989 coloris
549 1916 670 1988 cinerei
695 1916 728 1984 in
753 1914 827 1983 adra
853 1910 890 1980 stt
913 1908 1069 2000 superstes
1094 1908 1186 2002 (d).
1212 1908 1346 1980 Bulides
1366 1912 1516 2001 quaedam
1541 1909 1710 1984 celerrime
1730 1937 1867 2004 promo·

345 2033 482 2100 ventur,
507 2036 579 2105 quae
601 2014 690 2082 enim
712 2033 730 2079 a
756 2006 922 2078 Gallendo
947 2005 1009 2077 visa
1032 2005 1092 2075 suit
1115 2010 1196 2076 intra
1223 2025 1270 2098 50
1288 2012 1418 2078 arteriae
1436 2008 1627 2078 micationes
1646 2013 1781 2082 traslum
1795 2012 1868 2082 uili·

345 2110 420 2181 bilis
445 2113 624 2183 horizontis
647 2104 817 2189 confecit,
850 2104 907 2194 qui
929 2105 1043 2198 viginti
1066 2103 1255 2173 milliaribus
1280 2101 1399 2175 italicis
1427 2107 1536 2176 minor
1568 2125 1636 2174 non
1664 2103 1753 2177 suit:
1794 2095 1866 2180 'nliae

346 2210 473 2280 modica
496 2206 642 2275 seruntur
663 2201 851 2282 celeritate,
888 2200 991 2288 qualis
1012 2218 1086 2286 quae
1111 2200 1261 2287 apparuit
1288 2201 1322 2268 in
1342 2197 1521 2270 blollandia
1543 2200 1680 2294 Augusti
1706 2227 1739 2274 a.
1763 2203 1867 2278 Anno
1947 2215 1952 2220 '

351 2323 454 2397 ¹750·
480 2301 563 2372 Aliae
583 2301 687 2379 stant,
717 2296 769 2367 vel
794 2295 874 2363 stare
904 2292 1054 2363 videntur
1075 2292 1274 2383 aliquamdiu
1300 2296 1333 2364 in
1361 2295 1479 2366 eodem
1505 2296 1584 2365 loto
1611 2298 1866 2388 Atmosphaerae,

344 2402 444 2473 veluti
477 2398 540 2468 illae
565 2395 723 2478 suerunt,
758 2412 838 2481 quas
869 2387 1021 2461 Kircbius
1057 2385 1091 2460 dt
1125 2389 1269 2462 Wolfius
1308 2391 1581 2465 observaverunt:
1615 2394 1649 2465 in
1677 2391 1787 2466 Gallia
1823 2397 1866 2470 ad

343 2501 443 2586 Ytoy
471 2498 504 2565 in
529 2493 659 2581 llerry,
694 2508 746 2580 4⁰·
773 2486 941 2559 Novemb.
966 2505 1071 2580 1753.
1103 2491 1251 2580 apparuit
1277 2488 1362 2561 bolis
1384 2512 1459 2560 cum
1487 2490 1587 2586 longa
1611 2490 1715 2562 cauda
1742 2493 1868 2586 absque

343 2599 512 2673 termino,
546 2587 690 2680 suspensa
712 2586 754 2656 ad
776 2583 978 2656 altitudinem
1005 2602 1049 2675 25
1076 2587 1153 2676 ped.
1178 2608 1197 2656 a
1219 2584 1310 2671 solo;
1343 2588 1468 2678 aliquot
1490 2588 1550 2658 ml.
1574 2586 1695 2659 deinde
1719 2595 1867 2664 evomuit

343 2694 468 2766 sumum
491 2688 601 2759 album
627 2684 781 2766 densum,
806 2702 904 2772 quem
929 2680 997 2751 duo
1018 2686 1161 2773 crepitus
1178 2682 1266 2773 quas
1284 2705 1521 2756 tormentorum
1543 2684 1757 2776 sequebantur
1777 2687 1867 2783 .(e)a

345 2811 460 2864 omnes
480 2806 591 2858 tamen
612 2782 698 2853 adeo
721 2780 807 2851 clare
829 2778 1013 2865 fulserunt,
1039 2799 1075 2850 ut
1097 2780 1208 2852 lumen
1231 2779 1337 2854 Lunae
1362 2779 1420 2854 sua
1447 2779 1591 2852 claritate
1610 2781 1750 2854 multum
1772 2785 1866 2879 supe·

344 2888 502 2970 caverint,
528 2880 564 2954 dt
584 2880 671 2971 quad
694 2877 905 2950 obstucarint.

393 3010 424 3111 q.
451 3002 671 3083 MMDXIV.
697 3001 866 3098 Quoniam
889 3002 975 3073 bolis
996 3002 1134 3075 odorem
1157 3003 1327 3096 Sulphuris
1352 3007 1385 3077 in
1409 3006 1449 3076 iis
1472 3002 1573 3090 locis,
1588 3022 1672 3093 qua
1703 3000 1865 3087 transivit,

345 3111 483 3206 spargit;
508 3111 561 3179 vix
579 3103 784 3185 dubitamus,
806 3103 885 3190 quin
906 3100 991 3169 bolis
1016 3099 1112 3170 merit
1135 3103 1239 3171 nubes
1261 3099 1475 3191 esulphureis
1494 3097 1714 3191 potilhmum,
1738 3119 1808 3172 tun
1823 3117 1868 3169 ex

344 3209 414 3280 aliis
437 3199 721 3278 inflammabilibus
739 3196 996 3267 exhalationibus
1009 3195 1170 3282 conflata,
1196 3216 1267 3267 orta
1282 3216 1518 3287 nonnunquam
1529 3209 1575 3266 'ex
1588 3193 1756 3267 Volcaniis
1769 3217 1866 3267 mon·

342 3308 428 3378 tibus
450 3323 549 3376 novas
573 3318 681 3391 portas
705 3294 949 3386 aperientibus,
982 3312 1037 3364 aut
1070 3292 1196 3366 sumum
1222 3295 1391 3389 ingentem
1421 3290 1658 3384 sulphureum,
1685 3309 1867 3383 :antequam

342 3406 474 3488 ardent,
500 3395 735 3470 erudtantibus:
761 3395 935 3462 autetiam
957 3410 998 3460 ex
1023 3388 1134 3462 Terrae
1157 3412 1272 3475 motu,
1296 3411 1365 3481 quo
1387 3393 1503 3486 ingens
1530 3409 1667 3462 caveram
1697 3386 1868 3481 sulphurea

342 3521 481 3590 aperta,
514 3493 549 3559 &
573 3496 607 3557 in
627 3490 728 3554 altum
751 3488 892 3568 Sulphur
918 3486 1100 3568 projectum
1123 3487 1210 3564 suit,
1242 3490 1274 3552 vl
1295 3503 1468 3554 ventorum
1487 3487 1644 3577 agitatum
1669 3481 1705 3558 ἃ
1731 3505 1867 3578 promo·
2013 3505 2024 3538 ι

346 3615 433 3666 tum:
459 3589 564 3659 nubes
585 3584 657 3650 baec
681 3577 850 3666 sulphurea
875 3592 1014 3664 propter
1036 3572 1335 3663 effervescentiam,
1369 3599 1466 3667 quarn
1491 3577 1628 3648 occursu
1650 3579 1783 3651 aliarum
1805 3601 1868 3670 ex·

343 3689 545 3764 balationum
569 3673 778 3764 conceperit,
803 3671 854 3740 vel
879 3673 923 3742 ob
951 3691 1180 3763 quamcunque
1204 3671 1299 3742 aliam
1325 3673 1471 3761 causam,
1495 3670 1623 3746 incensa
1643 3671 1726 3746 suit:
1750 3675 1867 3746 ardens

340 3790 407 3884 jam
432 3780 530 3855 liuida
550 3773 680 3846 materia
700 3772 735 3840 in
759 3765 861 3839 fluido
883 3769 957 3838 aire
976 3765 1146 3861 globosam
1170 3768 1306 3865 liguram
1329 3769 1456 3856 induit,
1480 3771 1557 3864 quia
1580 3767 1649 3842 sere
1664 3767 1866 3864 l'empetbo·

343 3888 426 3959 lides
443 3878 642 3970 lpeoanmr:
668 3884 810 3955 cumque
832 3885 948 3961 magna
971 3860 1068 3934 maiia
1089 3865 1191 3962 ignita
1212 3865 1381 3938 celerrime
1403 3865 1599 3960 expanditur
1619 3869 1655 3940 in
1676 3867 1779 3956 aare,
1809 3869 1864 3942 in·

368 4000 478 4053 entem
503 3972 661 4063 crepitum
683 3961 782 4035 veluti
806 3961 942 4034 incensae
962 3961 1095 4034 bombae
1117 3965 1246 4036 excitat.
1296 3963 1476 4038 Nonnullae
1491 3964 1621 4037 bolides
1635 3961 1788 4058 quievisse
1804 3967 1865 4040 ob·

343 4007 472 4152 {trata
496 4071 652 4150 fuerunt,
676 4079 753 4133 cum
776 4079 897 4150 nempe
917 4055 1164 4132 inflammabiles
1185 4059 1407 4134 exhalationes
1430 4065 1463 4134 in
1487 4063 1566 4135 loco
1594 4061 1797 4153 tranquillo,
1830 4067 1866 4139 in

345 4198 413 4265 quo
439 4166 727 4261 suspendebantur,
753 4179 821 4228 non
840 4155 973 4230 suerunt
990 4158 1169 4249 propulsae:
1194 4157 1245 4232 vel
1266 4180 1342 4231 curn
1365 4160 1484 4251 procul
1509 4159 1734 4250 aspeetatore
1759 4180 1865 4247 nata,

347 4270 382 4346 dt
407 4272 448 4344 ad
469 4267 574 4362 ipsum
597 4264 632 4334 in
653 4257 739 4329 linea
762 4255 849 4327 resia
870 4253 993 4346 pulsa,
1007 4274 1126 4327 ,utrum
1146 4275 1370 4350 moveantur,
1401 4279 1444 4331 an
1462 4255 1625 4345 iubilant,
1645 4253 1783 4350 judicari
1807 4277 1866 4328 ne·

1762 4373 1864 4454 quat.

418 4556 475 4633 (ιι)
497 4559 620 4634 voyage
639 4565 677 4612 ιιι
694 4551 792 4614 Perou
811 4549 879 4611 Lis.
897 4563 923 4609 ι.
943 4565 1009 4628 pag.
1024 4559 1093 4625 ⁴¹⁴!-

421 4635 482 4715 (b)
504 4623 639 4697 Whillon
660 4630 728 4693 ola
748 4631 909 4709 surprlzlng
930 4631 1059 4691 Meteon.
1084 4627 1138 4688 Δο.
1154 4639 1242 4704 1719.

415 4717 457 4791 (c
466 4735 479 4792 p
501 4710 597 4775 l'lllst.
619 4710 663 4769 de·
677 4709 790 4772 l’hmd.
811 4713 889 4785 Roy.
911 4705 964 4769 Aa.
984 4725 1069 4782 ¹751·
1090 4715 1154 4785 pag.
1171 4721 1224 4782 31.

420 4794 482 4874 (l)
503 4788 599 4855 l'lllst.
621 4788 658 4847 de
678 4779 793 4851 i’Acad.
815 4789 891 4866 Ray.
915 4789 971 4848 Αο.
987 4802 1073 4861 ¹733·
1094 4803 1158 4864 pag.
1175 4801 1222 4861 pn,
1239 4799 1288 4863 ²4·

423 4874 480 4954 (e)
502 4866 599 4938 l'nist.
620 4873 659 4928 de
677 4866 792 4931 l'aaad.
811 4868 896 4945 aoy,
910 4866 966 4933 Δο.
982 4879 1069 4944 115³·
1088 4881 1156 4947 pag.
1172 4877 1219 4945 ῃ.

1190 5021 1246 5097 Tt
1269 5039 1304 5095 tt
1326 5037 1361 5092 tt
