4992 6767
517 683 623 794 ‘ae-
959 633 1147 762 nm'
1235 661 1565 755 soum

520 895 591 954 uon
614 887 692 944 uero
711 869 823 964 ignis,
846 868 896 938 uti
918 861 1132 949 ratherius,
1157 855 1396 954 Hofmannus,
1419 851 1586 944 Casama,
1610 850 1737 929 Hieme
1761 852 1956 936 subtilissime
1980 868 2059 957 opt.

522 975 590 1048 nati
615 968 707 1055 sunt3
732 962 883 1059 profesio
909 963 1047 1036 dubitari
1072 964 1206 1054 nequit,
1231 963 1312 1053 quin
1331 957 1444 1052 pabuli
1468 957 1556 1053 ignei
1581 976 1689 1048 partes
1713 975 1853 1047 corpora
1868 959 2064 1053 ingredian-

524 1092 597 1156 tur,
622 1066 728 1157 Aquis
750 1065 903 1137 omnibus
926 1061 1060 1136 stillatiis
1081 1081 1293 1154 empyreuma
1313 1056 1498 1142 olentibus,
1523 1054 1615 1148 quod
1638 1077 1659 1125 a
1682 1057 1867 1167 memoratis
1887 1062 2061 1149 partibus,

525 1188 597 1241 non
618 1166 659 1235 ab
684 1166 761 1260 igne
783 1163 950 1234 indusium
981 1159 1054 1230 fuit.
1106 1158 1188 1230 Ideo
1221 1179 1264 1230 ex
1285 1158 1382 1228 aucto
1408 1175 1586 1247 corporum
1609 1152 1757 1246 pondere
1781 1173 1815 1222 rn
1838 1157 2057 1244 praecedenti-

526 1267 589 1336 bus
611 1264 841 1354 experimentis
858 1260 951 1331 finna
973 1256 1160 1342 conclusio,
1182 1251 1218 1329 ἃ
1241 1257 1334 1330 omni
1355 1253 1552 1348 exceptione
1575 1251 1696 1346 major,
1720 1248 1763 1322 de
1789 1249 1882 1347 lgnis
1902 1257 2061 1345 pondere

525 1360 661 1435 sonnari
685 1361 813 1452 nequit.

578 1504 610 1603 ς.
637 1493 882 1577 MDLXXIX.
907 1493 1032 1569 Verum
1048 1494 1127 1582 radii
1151 1493 1259 1581 Solis,
1284 1496 1345 1586 qui·
1357 1491 1555 1586 purissimum
1576 1489 1779 1563 constituunt
1803 1489 1976 1585 bucusque
2000 1520 2066 1584 eo·

527 1608 655 1702 gnitum
677 1605 809 1697 ignem,
833 1597 888 1667 cui
905 1593 1126 1690 heterogenea
1149 1594 1293 1665 admixta
1315 1591 1379 1663 else
1403 1611 1444 1663 ex
1465 1590 1558 1664 nalo
1582 1609 1776 1685 argomento
1792 1589 1942 1676 constat,
1961 1598 2061 1670 etiarn

526 1720 649 1797 augent
669 1716 849 1787 corporum
871 1692 1022 1784 pondus3
1046 1692 1130 1764 ideo
1148 1691 1181 1762 id
1203 1694 1440 1763 incrementum
1465 1689 1618 1781 ponderis
1644 1686 1701 1760 soli
1725 1689 1794 1782 igni
1817 1690 2058 1766 attribuendum

527 1801 605 1870 erit:
630 1794 691 1868 Du
714 1792 800 1866 Cios
820 1791 934 1864 libram
958 1788 1083 1886 Reguli
1107 1790 1311 1875 Antimonii,
1338 1791 1370 1859 in
1396 1784 1609 1860 tenuissimum
1633 1784 1802 1877 pulverem
1825 1790 1969 1874 tenuati,
1995 1792 2065 1864 vast

526 1896 618 1970 fiebili
639 1890 675 1966 dt
698 1894 833 1964 vitreato
856 1885 1012 1973 immissi,
1043 1885 1193 1979 exposuit
1222 1886 1301 1957 foco
1316 1886 1465 1977 ·Speculi
1491 1884 1627 1971 ullorii,
1661 1904 1702 1952 ex
1727 1882 1925 1964 Antimonio
1948 1886 2065 1970 sunrus

525 1993 670 2065 albicans
699 1984 875 2061 &densus
900 1987 1035 2077 erupit,
1062 1984 1171 2076 elapsi
1198 1984 1279 2056 hori
1302 1986 1336 2056 in
1364 1987 1490 2055 cineres
1515 1982 1605 2071 quast
1627 1980 1908 2084 redaiiuspulris
1932 1984 2068 2066 decima.

525 2090 651 2181 pristini
680 2084 838 2179 ponderis
867 2103 958 2175 parte
987 2084 1100 2153 auibus
1129 2083 1192 2155 est.
1247 2079 1491 2177 Hombergiunr
1517 2078 1653 2171 Dioptri
1685 2100 1751 2170 ope
1784 2081 1819 2156 io
1855 2080 2055 2158 Antimooio

524 2187 614 2258 idern
637 2179 911 2276 deprehendisse,
945 2181 1040 2252 tradit
1060 2178 1268 2252 Lemurios
1291 2182 1382 2273 (a).
1433 2178 1541 2268 Capta
1563 2178 1633 2248 bac
1658 2179 1879 2268 experimenta
1902 2181 1939 2254 in
1963 2184 2066 2252 variis.

525 2282 743 2355 Mineralibus
770 2278 926 2371 ponderis
957 2278 1063 2347 srnrile·
1090 2280 1327 2348 incrementum
1360 2275 1551 2359 dederunt,
1583 2277 1631 2345 uti
1662 2276 1772 2346 videre
1806 2273 1852 2344 est
1886 2277 1973 2367 apud
1995 2276 2064 2350 Du

525 2377 646 2452 ilamel
676 2377 770 2471 (b).
828 2374 1001 2445 Plumbum
1023 2377 1057 2444 in
1081 2372 1160 2443 foco
1183 2371 1320 2465 Dioptri
1342 2376 1477 2454 maximi
1499 2371 1743 2461 ,liquesasium
1770 2392 1839 2444 trun
1857 2373 2056 2460 ¹calcinatutn

526 2474 610 2550 &in
627 2479 743 2558 vitrum
771 2492 952 2555 rumetum,
976 2473 1123 2562 quamvis
1151 2470 1291 2546 multum
1316 2468 1396 2540 fumi
1417 2467 1644 2562 exspirationi,
1669 2469 1878 2544 nihilominus
1905 2473 2063 2565 pondere-

526 2571 718 2657 increvisse,
736 2568 885 2643 Calsellis
907 2568 1085 2654 observavit
1107 2565 1163 2641 Cl.
1183 2566 1416 2640 Zumbachius
1695 2591 1697 2595 ·

571 2711 603 2810 l.
631 2695 866 2783 ΜΙΜᾹΚΧΧ.Ι
885 2705 979 2803 Ergo
999 2727 1076 2778 curn
1099 2707 1188 2803 lgnis
1214 2708 1279 2779 five
1301 2708 1456 2780 terrestris
1467 2758 1487 2793 ,.
1503 2707 1567 2780 five
1590 2705 1738 2777 srr'rcerus
1755 2706 1915 2794 cariellis‚·
1936 2712 1970 2781 in
1983 2732 2056 2783 cor·-

523 2810 660 2901 poribus
681 2807 875 2878 delitescens
891 2847 911 2891 ‚-
937 2803 1070 2897 pondus
1094 2827 1135 2876 au
1180 2825 1221 2891 t,
1255 2809 1363 2901 gravis
1385 2809 1475 2888 erit;
1507 2802 1543 2876 dt
1567 2807 1602 2875 in
1626 2804 1777 2876 omnibus
1803 2809 2054 2895 experimentis,

523 2929 597 2997 quae
618 2907 660 2976 ab
686 2907 762 3001 igne
784 2903 981 2994 corpori-bus
1004 2904 1125 2971 increvi
1151 2924 1170 2969 e
1192 2903 1324 2990 pondus
1358 2902 1560 2985 ostendunt,
1593 2922 1734 2993 corpora
1764 2901 1918 2973 diuturno
1944 2900 1980 2974 dc
2004 2904 2056 2974 lo-

521 3003 656 3074 culento
676 3004 748 3093 igni·
763 2999 894 3068 fuerunt
917 2997 1088 3083 exposita,
1112 2995 1300 3067 elasticitate
1326 2991 1362 3064 δι
1388 2996 1537 3066 firmitate
1563 3000 1706 3084 orbata,
1740 2994 1832 3071 &in
1856 2998 1979 3070 calcem
2005 3023 2055 3072 re·

522 3099 636 3185 dalla,
662 3098 697 3164 in
719 3114 790 3256 qur}
806 3093 947 3167 multum
965 3092 1054 3185 ¹ignis
1079 3094 1194 3161 irretiri
1221 3112 1320 3183 atque
1343 3092 1466 3164 includi
1491 3098 1602 3185 potuit
1613 3146 1630 3181 ‚.
1652 3095 1737 3167 adeo
1761 3096 1952 3169 utnotabile
1970 3119 2055 3191 pon·

521 3194 582 3262 dus
604 3191 688 3285 ignis
710 3208 769 3259 eva
782 3188 853 3258 erit.

569 3310 601 3408 i.
627 3306 873 3383 MDLXXXl.
899 3306 1071 3402 Quicquid
1094 3311 1243 3386 aduersus
1267 3312 1354 3388 banc
1378 3318 1566 3412 gravinten
1591 3319 1741 3392 nonnulli
1765 3319 1972 3409 moliuntur,
1996 3346 2051 3420 pa·

521 3431 592 3483 rum
618 3412 733 3482 virium
758 3407 882 3479 habet:
918 3405 1112 3481 Mirandum
1142 3432 1213 3483 non
1239 3412 1285 3483 est
1315 3415 1465 3510 exiguam
1501 3418 1585 3512 ignis
1622 3418 1655 3487 in
1680 3439 1820 3509 corpore
1845 3423 1974 3513 copiam
2000 3427 2059 3495 via.

519 3506 676 3600 ponderis
698 3506 937 3578 incrementum
962 3505 1133 3579 exhibere:
1159 3511 1206 3580 uti
1229 3509 1339 3583 videre
1362 3512 1407 3581 est
1432 3515 1465 3584 in
1491 3513 1587 3584 malla
1611 3512 1712 3585 ferree
1738 3526 1773 3596 st,
1800 3539 1855 3608 5.,
1882 3542 1954 3609 quae
1971 3542 2051 3611 pen·
2156 3544 2158 3553 ·

522 3604 553 3677 sa
578 3603 694 3704 frigida
716 3601 753 3677 dt
778 3603 882 3702 ignita
902 3601 1047 3696 ejusdem
1067 3605 1223 3698 ponderis
1243 3609 1302 3681 est.
1361 3609 1429 3682 Sed
1451 3610 1688 3703 perpendamus
1706 3614 1832 3685 ,molem
1857 3613 1991 3688 ferream
2017 3621 2050 3689 in

522 3705 596 3775 aire
618 3701 819 3796 ponderari,
851 3721 990 3789 eamque
1011 3706 1147 3773 minoris
1169 3703 1233 3774 else
1257 3708 1431 3778 voluminis
1458 3707 1607 3803 frigidam
1634 3733 1730 3801 quarn
1757 3711 1921 3784 calidam:
1954 3718 2058 3810 igitur·

523 3800 633 3871 inflata
656 3796 691 3869 δι
714 3798 823 3868 calens
844 3798 878 3863 in
905 3794 1009 3863 fluido
1032 3797 1130 3865 aireo
1149 3800 1287 3867 minoris
1310 3802 1465 3889 ponderis
1500 3807 1540 3873 fit
1569 3806 1695 3877 necesse
1721 3809 1792 3879 est:
1825 3810 1880 3881 sed
1905 3811 2052 3884 observa·

525 3914 577 3965 tur
612 3894 757 3985 ejusdem
789 3888 972 3983 ponderis3
1004 3889 1155 3982 adeoque
1184 3893 1269 3989 ignis
1301 3896 1336 3966 in
1366 3897 1526 3969 candente
1556 3899 1653 3969 malla
1687 3908 1765 3973 tanti
1798 3906 1844 3973 est
1877 3907 2058 3996 ponderis‚.

525 4009 684 4083 quantum
710 3990 756 4060 ob
780 3989 914 4059 aucium
931 3985 1089 4061 volumen
1113 3990 1148 4063 in
1173 3990 1248 4062 aire
1270 3990 1316 4063 de.
1337 3990 1485 4084 pondere
1508 3993 1672 4066 amisisset:
1700 3996 1777 4069 Hoc
1802 4001 1898 4093 igitur
1921 4005 2047 4089 experi-

527 4108 673 4162 mentum
708 4109 777 4160 non
810 4083 856 4157 est
884 4084 1032 4157 adversus
1054 4086 1185 4178 pondus
1207 4089 1319 4186 ignis,
1350 4089 1405 4163 sed
1431 4093 1546 4185 potius
1564 4092 1598 4162 id
1621 4095 1764 4184 probat:
1798 4095 1874 4166 Scio
1898 4098 2051 4187 equidem

524 4183 620 4260 Nob.
648 4184 694 4257 du
717 4182 836 4278 llamel
860 4179 949 4255 Ferri
973 4184 1095 4256 molem
1117 4193 1153 4270 lb
1178 4205 1236 4282 50.
1260 4186 1349 4262 Une.
1377 4189 1409 4261 8.
1435 4190 1484 4262 dr.
1510 4216 1548 4284 4.
1570 4194 1603 4262 in
1620 4195 1696 4288 igne
1714 4191 1945 4279 candesecisle‚
1970 4217 2048 4267 can·

525 4284 683 4357 debebam
701 4285 735 4355 in
749 4283 878 4355 bilance
893 4280 1105 4370 ponderasse,
1129 4277 1333 4358 &invenisse
1355 4288 1597 4362 decrementum
1613 4290 1767 4381 ponderis
1783 4315 1817 4381 4.
1844 4289 2048 4383 Unciarum,

528 4401 600 4451 earn
616 4381 759 4452 relillam
785 4382 819 4450 in
843 4376 971 4446 bilance
992 4378 1101 4452 donec
1121 4379 1322 4479 reiiiguerit,
1347 4384 1490 4475 ejusdem
1515 4389 1676 4458 inrrninuti
1701 4388 1855 4477 ponderis
1880 4388 2044 4479 marsile,

526 4476 614 4546 unde
640 4475 800 4547 conclusit
828 4475 939 4567 ignem
954 4495 1030 4565 ¹non
1046 4500 1190 4573 augere,
1213 4480 1268 4549 sed
1289 4483 1436 4550 minuere
1454 4485 1584 4573 pondus
1608 4485 1812 4556 metallorum
1837 4488 1881 4559 ob
1906 4491 2046 4580 partium

520 4567 687 4662 punam.
737 4569 863 4643 Verum
879 4589 947 4642 non
963 4592 1077 4649 monet
1088 4576 1119 4647 se
1133 4576 1243 4649 lances
1260 4596 1301 4646 ert
1315 4579 1437 4651 catenis
1452 4582 1621 4654 metallicis
1636 4581 1850 4677 suspendisse:
1885 4607 1935 4659 20.
1954 4585 2045 4684 Qua·

2010 4706 2047 4759 10

593 4868 650 4949 (a)
670 4867 841 4937 L'Histolre
853 4875 889 4938 de
904 4874 1018 4941 l'llcad.
1031 4878 1109 4953 Roy.
1129 4877 1184 4941 no.
1201 4892 1289 4955 ¹7⁰9·
1306 4881 1378 4945 itin
1401 4883 1499 4949 Cours
1514 4884 1550 4948 de
1564 4887 1689 4973 cbpmle
1702 4889 1795 4971 Cbap.
1811 4892 1852 4956 V.

586 4950 654 5033 (Ι)
673 4949 788 5020 illies·
802 4956 942 5046 Academi.
957 4958 1058 5037 aegra
1069 4957 1182 5023 Sciant.
1203 4959 1270 5025 le.
1285 4965 1406 5030 idad.
1420 4983 1449 5031 a.
1466 4966 1539 5047 cap.
1556 4985 1582 5032 ι.
