4992 6767
400 714 494 829 ,aa
654 692 757 789 or
809 683 1128 818 auoroo
1171 684 1276 776 rra
1330 683 1697 782 arnamar.

411 901 598 997 limpidum,
621 890 824 975 fumantm,
847 905 979 983 grauem
1002 883 1179 979 Spiritum,
1203 902 1241 958 ut
1269 882 1431 961 &levior
1457 884 1663 981 supernatant
1686 883 1839 963 liuidumr
1864 886 1937 969 An-

411 999 584 1079 timonium
609 1011 665 1064 aut
689 984 900 1065 Riamurhum
925 983 1008 1079 (a)
1033 1003 1111 1055 cum
1131 979 1305 1058 Mercurio
1324 981 1503 1059 sublimato-
1520 983 1714 1057 destillarem
1730 984 1798 1060 abir
1821 986 1938 1061 iulio·

413 1116 540 1190 tyrum,
566 1087 657 1182 quod
676 1086 822 1179 repetitis
849 1080 1118 1155 destillationibus
1138 1084 1338 1154 convertimr
1354 1083 1390 1154 ia
1411 1080 1547 1156 fluidum
1570 1081 1796 1155 uenoillimum.
2051 1104 2056 1107 ·

459 1189 634 1282 sulphur,
664 1183 718 1257 Sal
751 1182 1033 1265 Ammoniacum,
1072 1172 1223 1251 &Cala
1245 1180 1378 1253 vivam
1410 1179 1527 1271 aequali
1555 1182 1653 1273 oop‘ar
1681 1179 1773 1253 milla
1803 1175 1949 1279 &igue-

410 1307 525 1368 nexata
548 1304 714 1358 mutantur
736 1282 772 1351 in
796 1279 948 1371 Spiritum
973 1277 1127 1359 rubrum,
1151 1275 1390 1364 renuifflmom,
1410 1275 1612 1350 fumantem..

463 1383 574 1473 Cala,
600 1381 723 1467 Creta,
748 1376 851 1451 Terra
874 1375 1050 1468 qualibet,
1097 1373 1215 1445 rimam
1237 1393 1397 1448 macerata
1418 1375 1454 1447 in
1480 1374 1602 1469 Spiritu
1622 1373 1704 1449 Salia
1727 1378 1872 1463 marini,
1896 1378 1949 1448 ita

410 1501 640 1568 attenuantur,
664 1496 705 1551 ur
726 1479 760 1550 in
782 1493 867 1569 aqua
890 1472 1021 1568 pertitus
1039 1471 1073 1544 d'
1119 1469 1273 1558 bescant,
1309 1469 1571 1566 constituantque
1592 1472 1723 1549 massan
1756 1493 1851 1567 eque
1870 1474 1944 1547 lim·

439 1583 525 1653 idam
551 1594 706 1664 arante,
730 1595 768 1649 ut
791 1571 873 1648 nibil
897 1562 1330 1664 comonafirmisupastea
1346 1589 1515 1665 appareat.
1560 1568 1695 1646 Glrcier
1715 1572 1757 1646 ab
1788 1574 1866 1670 igne
1892 1592 1942 1644 te·

413 1607 560 1754 fundiuur
577 1678 613 1750 in
634 1691 777 1769 aqammr
806 1668 918 1745 Parrea
940 1662 1057 1741 molier
1078 1664 1304 1755 Animarum,
1326 1670 1376 1741 uti
1402 1664 1562 1756 Cornea,
1583 1663 1815 1754 Μειιιῑιηιιε,
1841 1667 1951 1744 cutia,

415 1773 655 1874 putreiadiione
672 1776 707 1845 io
730 1769 866 1845 fluidum
886 1766 1065 1837 obcecant
1117 1760 1200 1837 Cibi
1224 1763 1310 1838 iinni
1325 1764 1368 1838 ab
1383 1764 1588 1840 Animalibus
1611 1765 1768 1864 comesti,
1784 1766 1848 1841 live
1871 1766 1943 1840 iire-

415 1879 481 1950 rinr
506 1896 548 1947 er
668 1888 691 1941 o
713 1860 885 1962 vegetabili
907 1879 964 1934 aut
989 1858 1165 1948 Animaii,
1198 1857 1365 1936 solvuntur
1388 1865 1424 1937 in
1451 1860 1586 1936 fluidum
1610 1862 1774 1956 oiryium,
1803 1862 1940 1937 liuidum

415 1972 506 2057 Lac,
531 1966 610 2041 verli
635 1988 670 2037 m
694 1963 913 2058 Sanguinem,
945 1956 1093 2047 Serum,
1125 1954 1159 2030 L
1213 1960 1325 2054 pham.
1374 1957 1580 2058 vegetabiiia
1602 1965 1713 2036 omnia
1735 1960 1943 2049 putreialiio-

415 2259 582 2335 solauntur
606 2258 641 2328 in
671 2252 790 2325 fluida:
824 2245 908 2325 Non
938 2271 1046 2326 autem
1075 2270 1175 2324 antea.
1199 2175 1555 2348 agemorarawgorpora
1585 2256 1623 2327 ln
1663 2207 1947 2327 aconci’uuebmt

414 2356 487 2436 baec
510 2353 634 2439 liuida,
666 2370 740 2422 nam
767 2349 818 2422 ha
847 2367 955 2443 parret
984 2370 1054 2423 una
1081 2370 1159 2422 cum
1181 2346 1253 2422 aliis
1276 2349 1400 2426 molem
1429 2346 1560 2425 firman
1589 2353 1859 2446 componebant,
1891 2348 1956 2424 sem

414 2456 523 2548 aliqua
547 2471 590 2526 ex
609 2448 796 2521 memoratis
820 2447 1014 2540 operatione
1037 2466 1146 2539 patoes
1171 2445 1214 2519 de
1239 2467 1325 2521 cato
1348 2449 1492 2525 materia
1515 2446 1695 2543 depulsa,
1710 2444 1747 2520 dr
1768 2445 1876 2522 fracia
1899 2466 1949 2521 te·
2093 2534 2099 2547 ⁶

412 2569 589 2644 portaque
613 2549 647 2619 in
668 2540 800 2618 maffiam
821 2543 956 2619 fluidam
973 2540 1137 2619 converse
1160 2541 1303 2620 fuerunt.

465 2692 498 2796 ς.
524 2685 755 2765 MCCXXX.
780 2686 1062 2786 Quandoquidem
1095 2688 1210 2761 ommia
1230 2684 1329 2761 firma
1354 2705 1597 2761 concrevenmt
1615 2706 1657 2759 ex
1679 2687 1860 2761 minoribus
1875 2708 1948 2781 par·

415 2792 526 2869 aculis
550 2788 727 2862 concilium
748 2790 912 2882 expertim
934 2784 1118 2860 minndum
1139 2805 1209 2857 non
1226 2785 1293 2865 eii,
1317 2780 1418 2850 fluida
1443 2782 1561 2853 iterium
1582 2784 1618 2853 in
1642 2781 1759 2865 iirma,
1784 2783 1851 2853 soli
1875 2805 1953 2872 par·

420 2985 749 3063 n,
768 2874 1285 3045 ,nm

421 3084 530 3154 stione
553 3076 594 3150 fir·
610 3094 724 3148 arena:
750 3066 883 3141 rumor
904 3089 1030 3160 aqueus
1043 3069 1077 3137 in
1098 3065 1199 3136 oculo
1222 3062 1339 3156 aquilae
1358 3068 1392 3135 in
1412 3062 1554 3155 lapidem
1575 3065 1637 3139 iuit
1660 3068 1833 3143 conversus
1845 3016 1957 3166 ³(d‘).x

420 3178 482 3256 Du
508 3173 595 3252 Cios
617 3169 733 3254 refert,
759 3186 898 3257 aquam,
923 3185 998 3258 que
1022 3183 1151 3234 arenam
1172 3160 1394 3253 stampensem
1416 3162 1574 3238 imbutam
1597 3165 1621 3237 S
1646 3166 1721 3238 iritu
1744 3164 1846 3261 Vini,
1870 3167 1955 3241 Saie-

420 3273 550 3372 Tartari
575 3292 614 3342 ac
635 3263 758 3341 volatili
777 3264 861 3334 aceri
885 3257 1040 3343 solverat,
1065 3261 1099 3330 in
1115 3256 1257 3350 lapidem
1279 3255 1478 3331 concreviile
1502 3259 1583 3356 (r.
1614 3185 1701 3335 (pilea
1723 3262 1809 3353 sola,
1833 3266 1959 3358 sapim.

421 3375 434 3450 i
480 3373 491 3443 i
510 3367 648 3462 subieeia
667 3356 828 3436 Artificile
844 3356 1104 3445 Chemicorum,
1129 3358 1163 3427 in
1181 3363 1297 3429 terram
1314 3376 1516 3431 commeante
1577 3359 1666 3432 ieum
1683 3360 1795 3450 liniii,
1810 3362 1956 3437 modico:
1986 3411 1994 3438 .

455 3469 538 3540 ‘ori
568 3461 768 3558 etposrmm,
798 3459 832 3531 in
860 3452 1026 3546 cryliallos
1053 3452 1241 3538 solidescit
1275 3452 1363 3527 idem
1389 3451 1616 3530 Neomannus-
1631 3460 1666 3530 in
1692 3456 1770 3531 oleo
1793 3457 1915 3551 Thumi
1934 3482 1958 3548 ς.

388 3569 397 3580 ’
471 3564 585 3665 audius
608 3564 642 3633 in
666 3549 914 3630 oleastrum
937 3553 1062 3644 experti
1088 3550 1160 3625 sunt
1172 3550 1283 3725 ¹Sd).
1330 3550 1405 3626 Imo
1425 3550 1491 3625 iola
1515 3550 1645 3628 mistura
1669 3554 1844 3630 Aicohoiis
1869 3554 1959 3631 Vini:

422 3663 501 3740 etan
526 3661 647 3755 Spiritu
671 3650 855 3747 putrefaciat
878 3652 980 3724 urina
1001 3650 1036 3721 io
1055 3648 1156 3723 oliam
1207 3650 1357 3724 admontii
1371 3647 1536 3725 indotuit..
1574 3648 1879 3751 Quando-Spiritus
1896 3650 1947 3727 ut

424 3759 505 3840 'rina
531 3751 717 3853 putrefaliae
741 3745 925 3821 destillatur·
947 3745 1014 3818 leni
1039 3748 1117 3841 igne
1142 3767 1217 3816 cum
1249 3748 1371 3836 Spiritu
1395 3745 1474 3817 Vini
1610 3753 1643 3837 ’,
1673 3750 1872 3825 adscendunt
1894 3761 1949 3827 va·-

425 3847 545 3954 'pores‚
570 3854 685 3946 quiin
709 3841 862 3939 capitello
877 3861 997 3932 tenue,
1022 3841 1133 3914 album
1152 3862 1292 3936 corpor,
1318 3839 1469 3923 lirinum,
1494 3841 1553 3915 sub
1575 3865 1697 3917 mamm
1712 3844 1865 3919 formant
1913 3850 1959 3920 Si·

428 3955 554 4053 iaoguis
577 3950 598 4022 e
618 3951 693 4022 vivo
710 3942 845 4038 bomine
869 3939 981 4016 salem
1006 3942 1041 4013 in
1066 3937 1182 4035 lagena
1203 3939 1407 4031 excipiatur,
1442 3933 1482 4010 dr·
1504 3938 1758 4014 oscillan'onibua
1783 3945 1924 4040 agitetur
1934 3933 1959 4033 ,ἶ

428 4053 482 4130 vel
499 4047 691 4145 quassetur,
710 4040 878 4134 extemplo
901 4038 1038 4111 muitum
1061 4036 1130 4131 ejus
1149 4034 1219 4108 coit
1238 4038 1273 4109 in
1294 4036 1513 4110 membranam
1538 4034 1692 4125 firmam,
1717 4036 1866 4122 emilam
1892 4039 1959 4113 Se·⁴

428 4165 501 4244 punt
526 4143 699 4240 superstes,
723 4139 801 4212 licet
822 4157 891 4212 non
914 4134 1104 4208 mutandum
1125 4137 1159 4208 in
1183 4136 1441 4218 membranam,
1455 4133 1612 4209 coalescit
1631 4156 1739 4210 tamen
1762 4137 1805 4209 ad
1827 4140 1950 4235 ignem.

429 4246 569 4346 Sanguis
590 4231 712 4314 e'vena
734 4237 879 4309 hominis
899 4231 933 4306 in
956 4233 1100 4328 amplum
1122 4256 1178 4306 var
1199 4253 1383 4326 exceptus,
1406 4255 1470 4309 nec
1536 4236 1654 4321 ‘ratam
1685 4236 1719 4307 in
1744 4231 1874 4307 malfam
1898 4235 1954 4328 fir<
2068 4225 2078 4244 '

426 4361 514 4421 mam
536 4338 684 4417 celeriter
701 4331 907 4408 concrescitt.
925 4328 969 4415 ii,
993 4327 1097 4404 serum
1122 4330 1314 4423 separetur,
1352 4332 1386 4403 in
1411 4354 1455 4404 co
1476 4334 1512 4430 in
1528 4332 1580 4404 uia
1604 4333 1726 4421 rubra,
1751 4330 1868 4420 limma,
1895 4332 1963 4406 diu-

319 4495 325 4501 -
428 4439 586 4540 superstes
604 4434 763 4511 coninua
789 4429 980 4508 oecooum
1004 4431 1125 4523 capitia-
1147 4428 1268 4502 mortui
1291 4448 1342 4501 ear..
1357 4428 1448 4503 caica
1466 4424 1600 4507 tiva&
1614 4429 1688 4507 Sale
1709 4432 1954 4608 ammom}

505 4748 544 4827 (a
582 4745 752 4816 b'liistolre
774 4737 1144 4818 ieiunationum.
1167 4751 1255 4815 apra.
1275 4754 1341 4819 pap
1366 4755 1419 4819 55.

528 4832 545 4891 i
587 4828 751 4892 Memoirer
767 4824 896 4960 aduam
918 4816 989 4881 voi.
1014 4831 1041 4882 r.
1054 4831 1125 4900 pag.
1148 4829 1217 4892 epp
1271 4907 1287 4942 ο

506 4831 576 5071 in
589 4894 1229 5059 emrtru‘rauaur
1242 4894 1297 4964 ι·
