4992 6767
672 653 886 748 srvn
963 650 1086 738 Db
1155 651 1533 754 vemt-ts,
1759 699 1866 764 nm

338 881 404 955 que
424 858 502 941 illi,
536 857 591 948 qui
626 852 760 924 suntin
791 849 916 924 Gelriae
947 867 1059 940 parte,
1084 847 1218 920 Velavia
1247 851 1343 924 diiia.
1388 853 1639 930 Observationes
1667 858 1865 955 Trajeeiinae·

338 959 551 1051 plurimorum
585 973 773 1036 annorum,
806 969 876 1020 tum
902 943 1033 1016 aliarum
1057 943 1203 1018 soederati
1227 949 1338 1046 Belgii
1361 949 1603 1026 Provinciarum
1628 957 1859 1053 ostenderunt,

337 1074 505 1145 utcunque
536 1051 782 1120 determinatum
811 1046 875 1116 esse
904 1046 979 1114 anni
1013 1043 1115 1135 spatio
1149 1068 1314 1118 certorum
1340 1071 1511 1120 ventorum
1544 1075 1730 1127 numerum:
1756 1059 1858 1149 pluri·

337 1174 467 1223 morum
491 1170 651 1219 annorum
677 1165 791 1218 ventos
813 1142 987 1226 addendo,
1011 1143 1155 1215 medium
1180 1145 1321 1236 aliquem
1355 1147 1553 1238 composui,
1587 1173 1628 1222 ex
1651 1175 1720 1243 quo
1743 1177 1859 1230 vento·
1902 1169 1907 1174 '

337 1271 411 1319 rum
442 1267 623 1318 annuorum
658 1263 811 1314 numerus
837 1238 1084 1336 cognoscetur,
1118 1247 1231 1332 purum
1260 1242 1423 1313 ablusurus
1445 1267 1463 1312 a
1486 1248 1628 1319 veritate.
1686 1251 1799 1346 ltaque
1823 1258 1858 1332 in

337 1348 427 1418 Anni
453 1342 586 1416 decursu
614 1340 779 1433 Ultrajesii
806 1339 902 1430 spirat
928 1337 1126 1428 Septemtrio
1152 1363 1198 1431 42
1225 1340 1499 1425 diebus,Corus
1527 1363 1584 1435 33.
1608 1346 1772 1422 Favonius
1798 1371 1862 1446 77.

337 1441 470 1513 Africus
494 1443 553 1535 58.
585 1441 702 1510 Aullcr
728 1458 787 1530 33.
819 1435 927 1507 Eurus
952 1435 1010 1506 26.
1044 1436 1241 1508 subsolanus
1265 1457 1324 1529 53.
1357 1438 1480 1528 Aquilo
1503 1461 1562 1532 43.
1620 1449 1767 1520 Annon
1792 1449 1857 1522 Fa.

337 1542 429 1610 vonii
452 1536 487 1608 dt
514 1537 620 1611 Africi
642 1537 713 1608 sunt
732 1538 816 1606 adeo
841 1533 1057 1625 frequentes,
1092 1537 1166 1624 quia
1194 1557 1282 1603 mare
1308 1531 1541 1606 Germanicum
1565 1544 1711 1632 respeitu
1740 1548 1858 1619 nollrae

338 1638 483 1732 regionis
506 1637 546 1707 ad
571 1636 720 1706 occasum
737 1632 845 1725 jacet,
869 1650 968 1722 atque
989 1631 1032 1699 ita
1058 1633 1112 1699 air
1138 1632 1216 1699 mari
1240 1630 1320 1700 huic.
1338 1634 1509 1704 imminens
1531 1633 1678 1732 frigidior
1704 1647 1858 1735 apprimi-

336 1752 388 1803 tur
412 1734 452 1803 ad
474 1734 660 1804 calidiorem
681 1735 926 1820 tutioremque,
953 1726 1023 1796 solo
1052 1725 1161 1795 nostro
1184 1728 1451 1797 incumbentem?
1478 1737 1624 1821 accedit,
1651 1740 1743 1828 quod
1768 1763 1858 1813 mare

333 1829 444 1920 plures
471 1853 607 1924 vapores
631 1831 777 1901 elaslicos
800 1831 833 1898 in
859 1825 959 1896 altum
987 1821 1144 1912 exspirat,
1173 1845 1270 1913 quam
1303 1827 1496 1906 continens,
1522 1829 1598 1899 ideo
1622 1836 1663 1903 ab
1687 1836 1736 1907 his
1761 1837 1858 1910 assur·

338 1929 491 2020 gentibus
517 1930 690 2019 vaporibus
715 1930 770 1998 a‘e'r
791 1922 929 2016 pelletur
950 1942 991 1989 ex
1016 1924 1093 1989 mari
1125 1918 1166 1988 ad
1195 1921 1442 2003 continentem,
1477 1920 1511 1990 dt
1533 1923 1713 2000 Favonium
1740 1937 1859 2004 excita·

336 2025 403 2092 bit:
431 2048 472 2097 an
496 2047 573 2096 vero
593 2025 639 2094 ell
666 2046 739 2115 pars
760 2025 846 2092 venti
867 2017 1027 2117 generalis
1058 2016 1280 2107 aquilonaris,
1315 2013 1473 2086 reflexio
1504 2017 1665 2095 littoribus
1691 2028 1857 2102 Americae

336 2115 666 2212 Septemtrionalis&
687 2120 837 2212 opposita
859 2117 1039 2187 dirediione
1058 2136 1116 2201 per
1131 2112 1247 2179 fretum
1272 2115 1455 2195 ratarinum,
1472 2112 1507 2183 dt
1521 2112 1612 2208 supra
1631 2123 1761 2220 Angliae
1778 2147 1856 2217 par·

334 2234 401 2286 tem
425 2216 603 2286 Australem
627 2214 786 2285 efflantis?
812 2214 897 2281 sorte
922 2228 1058 2298 utraque
1078 2206 1169 2276 causa
1196 2207 1339 2276 obtinet:
1367 2213 1512 2298 quamuis
1535 2218 1734 2304 copiosores
1755 2245 1857 2316 vapo.

331 2331 382 2381 res
408 2333 449 2380 ex
475 2311 614 2381 Oceano
640 2311 834 2389 Atlantico,
859 2326 957 2398 quam
972 2325 1014 2373 ex
1039 2305 1119 2373 mari
1136 2301 1336 2374 Germanico
1360 2308 1478 2376 minori
1507 2307 1643 2401 elevati,
1668 2318 1871 2394 etiameuni·
1923 2357 1927 2366 ·

329 2407 433 2478 caufis
457 2409 546 2479 venti
571 2405 781 2477 occidentalis
804 2420 1012 2474 concurrant.

381 2551 413 2649 d.
439 2549 677 2623 llllNlDXCll.
704 2549 774 2621 Cur
798 2570 905 2620 autem
928 2543 1104 2638 paucissimi
1128 2546 1216 2637 apud
1244 2567 1305 2617 nos
1337 2546 1451 2619 Euri?
1484 2572 1525 2622 an
1556 2559 1722 2644 nunquia
1753 2555 1858 2630 sotum

332 2651 478 2722 nollrum
508 2649 671 2718 humidius
698 2646 919 2730 Germanico,
941 2645 1069 2736 jacente
1095 2647 1127 2716 in
1153 2645 1212 2714 ltac
1237 2645 1351 2738 plaga,
1379 2643 1575 2737 &proinde
1603 2652 1781 2724 admodum
1803 2654 1860 2725 fd.

334 2747 470 2842 gitium,
496 2745 600 2816 multo
627 2745 734 2814 minus
758 2743 885 2814 calescit
909 2740 1126 2813 Germanico:
1153 2742 1229 2810 ideo
1254 2743 1312 2811 ast
1336 2742 1445 2813 nostro
1471 2745 1540 2815 solo
1569 2750 1742 2821 imminens
1759 2755 1857 2822 etiam

331 2847 439 2915 minus
463 2842 612 2926 calescit,
639 2843 851 2930 rarescitque,
877 2861 973 2930 quam
996 2842 1073 2921 ast,
1099 2841 1155 2928 qui
1173 2860 1264 2910 terrae
1287 2839 1462 2909 aullraliori
1482 2839 1655 2913 &sicciori
1679 2849 1857 2919 incumbitr

331 2940 408 3011 hinc
428 2944 487 3011 rati
510 2940 616 3021 Euri,
642 2935 824 3009 &Aussrir
855 2936 941 3007 sorte
962 2937 1015 3006 hic
1040 2939 1231 3020 concurrit,
1264 2943 1355 3025 quod
1378 2958 1506 3009 montes
1528 2939 1715 3012 Comitatus
1744 2944 1856 3034 Tyro·

331 3037 446 3121 lenos,
473 3037 653 3118 llelvetiae,
682 3035 876 3106 Palatinatus
901 3033 1035 3119 Rheni,
1061 3030 1212 3101 Ducatus
1233 3031 1424 3121 juliacensis
1448 3037 1649 3124 aliquantum
1674 3037 1785 3112 Euros
1807 3047 1857 3114 in·

332 3138 516 3225 torcipiunt.

380 3232 491 3304 Austri
519 3236 591 3307 sunt
616 3248 749 3321 quoque
775 3229 881 3297 minus
907 3224 1136 3314 frequentes,
1159 3226 1234 3312 quia
1263 3221 1365 3294 solum
1389 3221 1425 3294 st
1453 3228 1508 3296 adr
1530 3227 1728 3302 Auslralium
1752 3240 1859 3333 regio·-

331 3349 409 3399 num
435 3335 535 3424 magis
559 3329 643 3401 calet
666 3326 798 3410 nostro,
825 3320 858 3396 dt
885 3324 962 3393 ideo
986 3323 1042 3390 aiir
1066 3322 1106 3390 ad
1127 3322 1272 3390 nollrum
1295 3319 1495 3417 frigidiorem
1521 3347 1591 3399 non
1613 3330 1807 3420 appelletur.

375 3471 407 3563 ᾗ.
433 3468 690 3539 bluchxllt.
715 3468 798 3533 Sunt
820 3486 927 3531 autem
949 3463 1050 3530 Venti
1082 3466 1371 3550 Septetntrionales
1398 3469 1665 3559 frequentissimi,
1698 3499 1773 3549 cum
1800 3481 1855 3554 A}

328 3567 504 3656 quilones,
531 3562 810 3652 septemtriones,
840 3554 878 3624 st
898 3556 980 3625 Cori
1004 3577 1175 3626 numerum
1209 3560 1288 3629 118.
1315 3561 1440 3630 dierum
1464 3570 1628 3635 annuatim
1656 3573 1853 3647 conficiuntt

328 3665 361 3731 hi
383 3665 470 3730 venti
498 3661 567 3728 sunt
597 3653 837 3747 frequentissimi
859 3655 960 3722 eriam·
988 3653 1021 3722 in
1048 3650 1256 3748 Regionibus
1283 3655 1635 3748 septentrionalibus,
1666 3685 1706 3734 ex
1737 3674 1856 3758 quibus

328 3760 369 3827 ad
392 3780 453 3827 nos
482 3757 680 3838 adventant,
706 3771 746 3820 ex
771 3748 972 3844 frigidissimis
992 3749 1033 3818 ud
1057 3750 1228 3821 calidiores
1247 3752 1360 3847 plagas
1382 3755 1507 3824 delati:
1539 3757 1572 3826 hi
1596 3781 1614 3828 a
1639 3761 1734 3832 nullis
1757 3783 1853 3837 mon·-

330 3856 415 3925 tibus
438 3855 708 3940 intercipiuntur,
734 3867 809 3918 curn
834 3867 887 3916 ex·
903 3844 1217 3920 Mari-Germanico
1239 3849 1341 3922 libere
1363 3851 1521 3946 adspirare
1544 3855 1705 3948 possunt,
1737 3865 1855 3955 ptaeci‘·

326 3973 394 4041 pue
420 3951 692 4041 septemtriones.
1730 4013 1733 4018 .

351 4181 353 4186 Ι
377 4089 408 4184 s.
434 4081 686 4159 lllleXClV„
713 4077 870 4158 Rariores
887 4069 994 4158 tamen
1016 4077 1089 4160 sunt
1107 4085 1212 4176 Cori,
1242 4091 1326 4161 adeo
1345 4091 1518 4181 periculosi
1540 4092 1655 4164 nostris
1679 4099 1852 4192 aggeribus

326 4181 362 4255 dt
382 4187 566 4258 littoribus:
591 4207 631 4256 an
655 4206 724 4258 non
742 4187 818 4276 quia
835 4185 989 4280 Angliae,
1010 4186 1063 4256 sed
1084 4193 1248 4278 precipue
1266 4189 1386 4259 Scotiae
1405 4186 1531 4273 solum,
1556 4190 1733 4260 admodum
1755 4215 1850 4266 mon·

326 4283 428 4355 tosum
461 4284 522 4354 bos
547 4301 662 4356 ventos
683 4286 888 4373 intercipite.
903 4281 991 4352 unde
1018 4285 1074 4374 qui
1099 4287 1141 4354 ad
1173 4307 1234 4356 nos
1255 4282 1391 4367 afflant,
1424 4284 1495 4356 sunt
1517 4284 1713 4375 potillimum
1739 4291 1847 4380 Aqui·

326 4378 446 4462 lones,
480 4382 536 4468 qui
560 4383 593 4449 in
623 4377 742 4450 scotiae
767 4401 896 4450 montes
921 4379 1027 4468 allapsi
1054 4380 1095 4450 ad
1119 4404 1180 4451 nos
1205 4383 1491 4471 repercutiuntur,
1518 4379 1553 4450 st
1578 4381 1649 4451 satis
1674 4383 1775 4454 libere
1801 4387 1849 4457 af·

324 4476 408 4545 slare
439 4471 682 4565 possunt-supra
706 4474 803 4545 Nlrre
829 4475 1083 4559 Germanicum,
1098 4478 1240 4550 snum
1259 4477 1487 4562 orientalem,
1512 4477 1662 4566 Frisium,
1679 4477 1847 4556 uranos·

321 4571 460 4655 leniam,
489 4568 524 4640 dt
551 4568 675 4642 Lacum
704 4571 851 4644 Flevum.
1202 4579 1204 4584 '
1760 4585 1767 4632 ¹·

371 4717 403 4813 §-
428 4713 665 4787 lllllleCXV.
698 4716 768 4788 Cur
791 4735 900 4785 autem
926 4713 1111 4787 creberrimi
1132 4717 1175 4788 ad
1198 4741 1261 4792 nos
1279 4720 1453 4795 aduentant
1480 4722 1674 4798 Subsolnnil
1709 4725 1744 4798 hi
1760 4669 1844 4801 sem-

321 4837 380 4909 per
401 4814 546 4910 frigent,
578 4814 699 4883 etiamst
732 4811 838 4884 media
861 4813 968 4883 aessate
994 4814 1197 4903 afflaverint,
1229 4819 1366 4891 brumali
1390 4841 1540 4916 tempore
1561 4824 1697 4918 Aquam
1720 4828 1753 4894 in
1775 4828 1843 4918 gla-

319 4916 404 4985 ciem
428 4930 572 5010 cogunt,
597 4911 746 4985 rarissime
770 4913 857 4984 enim
881 4912 988 5008 gelat,
997 4911 1303 5109 thsasulggolaantgs
1328 4917 1503 5012 spiraverit.
1556 4919 1723 5016 Quoniam
1744 4921 1843 5084 igigrr
