4992 6767
638 711 887 807 slva:
966 711 1098 807 Η
1163 713 1581 812 VENTIS.
1771 753 1875 844 1093

345 925 422 1015 pice
442 912 595 992 vexillum
614 912 702 990 bene
723 913 874 987 libratum
895 908 933 984 dc
955 912 1079 986 mobile
1101 918 1286 1008 statuemur,
1311 920 1346 993 id
1367 943 1536 1017 nunquam
1560 926 1593 998 in
1617 921 1734 997 eadem
1761 928 1870 1003 direc-

347 1025 439 1091 tione
460 1018 628 1109 quiescit,
662 1012 717 1084 sed
740 1033 900 1106 perpetuo
924 1014 1091 1108 agitatur,
1123 1015 1207 1088 adeo
1230 1038 1267 1089 ut
1292 1041 1361 1092 non
1383 1022 1440 1092 nisr
1473 1023 1569 1120 plaga
1596 1024 1747 1116 quadam
1776 1027 1873 1104 latior

345 1139 445 1190 uento
475 1118 512 1187 sit
530 1112 721 1211 assignanda.
771 1108 1053 1208 Quandoquidem
1082 1116 1179 1210 igitur
1200 1120 1327 1209 antiqui
1356 1118 1435 1190 alias
1459 1121 1661 1214 diversasque
1684 1121 1871 1201 Ventorum

348 1214 539 1299 divisiones,
566 1209 600 1283 ἂ
624 1234 644 1283 a
667 1210 781 1282 nostris
802 1230 938 1303 quoque
964 1209 1183 1303 discrepantes
1214 1214 1447 1301 instituerunt,
1480 1216 1596 1290 Ventis
1622 1222 1709 1292 varia
1738 1228 1872 1299 nomina

350 1312 591 1402 imposuerunt,
618 1308 672 1381 sed
688 1307 723 1378 hi
745 1310 835 1381 venti
851 1329 920 1381 non
934 1311 1135 1382 conveniunt
1156 1331 1234 1382 cum
1258 1312 1492 1386 direslionibus
1514 1315 1769 1405 hodiernorum,
1792 1324 1872 1397 ideo

349 1408 527 1481 Kircherus
550 1429 671 1506 magno
693 1406 805 1480 labore
826 1405 993 1478 hodiernis
1018 1403 1135 1481 Ventis
1155 1411 1288 1501 antiqua
1314 1415 1448 1483 nomina
1473 1416 1723 1486 accommodare
1742 1418 1872 1493 studuit.

350 1507 406 1579 Ne
428 1512 526 1605 igitur
547 1508 589 1580 de
611 1507 746 1581 nomine
774 1508 899 1579 oriatur
925 1506 1172 1594 controversia,
1206 1530 1269 1579 nos
1294 1529 1357 1601 pro
1386 1509 1504 1582 nostris
1531 1510 1805 1586 observationibus
1830 1519 1873 1589 ad

350 1607 428 1676 osio
452 1605 564 1701 plagas
588 1604 785 1698 potissimum
810 1602 1036 1687 attendimus,
1071 1599 1107 1674 dt
1136 1606 1340 1697 appellamus
1364 1606 1511 1680 Ventum
1538 1630 1557 1678 a
1580 1608 1875 1700 Septemtrionibus

349 1701 509 1774 afflantem
533 1704 808 1797 septemtrionem
831 1702 962 1776 Noord.
1002 1701 1059 1773 Ab
1081 1698 1219 1774 Oriente
1241 1704 1405 1777 Solstitiali
1428 1703 1655 1795 Aquilonem,
1679 1710 1872 1804 Neordoost.

350 1802 405 1870 Ab
431 1798 568 1872 Oriente
593 1799 831 1893 AEquinosiiali
853 1797 1066 1873 subsolanum
1092 1800 1182 1896 Oost.
1208 1803 1263 1874 Ab
1290 1800 1428 1874 Oriente
1450 1802 1594 1874 Brumali
1612 1802 1739 1876 Eurum
1757 1810 1874 1900 Zuyd·

350 1898 425 1990 onst.
465 1901 648 1972 Ameridie
671 1899 882 1990 adspirantem
902 1896 1056 1972 Austrum
1080 1900 1190 1990 Zuyd.
1217 1902 1274 1971 Ab
1293 1898 1422 1972 Occasu
1437 1899 1581 1972 brumali
1595 1902 1744 1974 Africum
1759 1908 1877 1999 Zuyd·

350 1998 442 2090 wass.
484 1997 541 2068 Ab
570 1997 687 2071 occasu
710 1995 950 2088 AEqur'nodiiali
972 1994 1154 2069 Favonium
1184 1999 1293 2096 West.
1336 2000 1391 2071 Ab
1415 1998 1534 2070 occasu
1555 1998 1719 2071 Solstitiali
1747 2004 1876 2076 Corum

351 2095 561 2190 Noordwest.
586 2095 749 2185 Adeoque
772 2094 900 2167 Ventos
921 2115 1074 2186 tanquam
1097 2117 1140 2167 ex
1158 2095 1224 2167 alio
1246 2100 1325 2169 loco
1349 2097 1391 2168 ad
1415 2095 1560 2170 nostrum
1583 2098 1777 2174 accedentes
1800 2105 1875 2175 ani·

353 2216 410 2265 mo
434 2194 661 2283 concepimus:
687 2192 817 2288 plagam
838 2213 919 2263 vero
940 2213 960 2259 a
985 2190 1098 2262 nostro
1121 2190 1201 2265 loco
1224 2194 1267 2264 ad
1289 2193 1389 2268 alium
1414 2195 1558 2268 extendi.

399 2324 432 2423 ᾗ.
456 2325 658 2397 lVlMDLll.
684 2327 719 2395 Si
743 2323 861 2415 aliquis
881 2340 997 2394 vennas
1021 2342 1064 2393 ex
1087 2348 1112 2415 4
1137 2326 1353 2398 cardinalibus
1378 2329 1504 2418 spiret,
1536 2329 1623 2401 idem
1647 2353 1771 2406 nomen
1802 2338 1878 2408 reti·

350 2428 463 2505 nebit,
486 2425 633 2513 quamvis
654 2420 771 2513 perllet
787 2439 892 2493 totum
916 2438 1067 2492 terranem
1092 2422 1228 2509 orbem;
1254 2422 1369 2493 sedita
1391 2445 1460 2495 non
1482 2424 1530 2495 cst
1554 2447 1757 2519 comparatus
1781 2432 1878 2522 quili-

350 2526 408 2595 bet
431 2521 559 2592 Ventua
584 2524 669 2591 inter
689 2518 866 2590 cardinales
889 2517 1118 2600 intermedius,
1143 2523 1200 2611 qui
1221 2520 1337 2591 eadem
1360 2520 1542 2592 directione
1570 2544 1765 2614 procunens
1791 2531 1877 2600 varia

352 2620 500 2691 sortietur
523 2621 657 2690 nomina
678 2622 710 2689 in
732 2617 861 2690 diteris
887 2636 979 2689 terrae
1001 2618 1212 2712 regionibus,
1236 2622 1315 2710 quia
1338 2615 1509 2705 Rhombi,
1535 2623 1592 2710 qui
1611 2624 1718 2693 ventis
1740 2627 1876 2696 nomina

349 2718 427 2789 dant
441 2720 525 2788 inter
546 2735 745 2808 aequatorem
759 2711 795 2786 da
811 2714 932 2807 polos,
958 2732 1027 2786 non
1052 2715 1196 2786 efficiunt
1216 2714 1318 2787 lineas
1343 2718 1468 2806 redies,
1493 2716 1548 2787 sed
1570 2740 1701 2790 curvast
1727 2720 1877 2794 adveniat

352 2820 439 2886 eninr
463 2816 504 2886 ab
525 2833 692 2905 aequatore
714 2831 850 2897 ventus,
875 2814 1032 2904 quicum
1055 2811 1166 2881 nostro
1189 2812 1370 2882 meridiano
1394 2812 1551 2907 angulum
1577 2832 1622 2904 45
1649 2814 1808 2908 graduum
1829 2817 1878 2887 es·

352 2916 470 2998 liciat,
499 2914 599 2984 veluti
623 2909 701 2981 sacit
722 2911 882 2995 Africus,
915 2908 1004 2979 idem
1024 2927 1140 2987 ventus
1165 2907 1206 2978 ad
1233 2906 1310 2977 alias
1332 2910 1485 3071 regiones
1506 2929 1701 2998 procurrens
1725 2933 1795 2981 non
1819 2911 1878 2983 sub

351 3014 471 3082 eodem
494 3010 616 3106 angulo
643 3009 693 3079 ad·
711 3031 821 3081 earum
849 3006 1064 3078 meridianum
1090 3004 1250 3093 appellit,
1281 3003 1336 3070 scd
1398 3006 1420 3075 b
1453 3004 1595 3097 majori,
1628 3026 1697 3097 quo
1727 3009 1879 3103 regiones

350 3110 433 3202 polo
458 3112 563 3180 boreo
582 3105 702 3175 suerint
725 3108 916 3193 propiores:
940 3105 1017 3189 quia
1039 3100 1153 3168 circuli
1172 3096 1340 3167 meridiani
1363 3118 1430 3169 non
1455 3095 1527 3169 sunt
1550 3102 1605 3168 nbi
1630 3102 1796 3191 paralleli,
1823 3104 1878 3176 sed

351 3225 555 3304 convergunt
577 3203 674 3295 polos
694 3200 821 3284 versus,
845 3199 879 3269 in
901 3195 1022 3288 quibus
1042 3214 1258 3266 concurrunt:
1285 3193 1362 3266 ideo
1386 3198 1442 3286 qui
1464 3195 1516 3267 est
1540 3193 1669 3267 Africus
1693 3200 1780 3290 apud
1796 3223 1875 3287 nos,

350 3312 382 3379 in
408 3306 479 3377 aliis
502 3302 691 3398 regionibus
715 3297 761 3369 est
785 3294 993 3367 Libanothus
1017 3292 1068 3364 vel
1095 3289 1403 3383 Hypoliban'othusr
1427 3292 1579 3385 idemque
1609 3294 1656 3364 est
1675 3315 1751 3365 cum
1775 3315 1876 3368 vento

349 3427 387 3477 ac
412 3424 489 3475 cum
513 3401 584 3472 navi
607 3401 641 3468 in
658 3395 799 3466 Oceano
823 3396 1013 3487 navigante,
1038 3412 1112 3482 quae
1137 3391 1277 3480 obliquo
1297 3390 1390 3461 cursu
1411 3389 1608 3476 decurrens,
1630 3391 1652 3463 [ι
1677 3391 1875 3485 subaequali

349 3502 472 3595 angulo
496 3498 615 3565 secaret
636 3492 856 3570 meridianos,
881 3507 1012 3556 curvam
1034 3505 1264 3576 percurreret,
1288 3509 1362 3578 quae
1383 3507 1516 3559 vocatur
1541 3486 1773 3575 Loxodroma,
1798 3513 1875 3581 quae

351 3601 511 3669 insaniant
534 3587 687 3678 quaedam
708 3584 754 3653 sui
777 3584 906 3677 generis
928 3580 1013 3651 linea
1033 3582 1098 3652 est:
1124 3582 1166 3654 de
1191 3605 1256 3677 qua
1278 3585 1424 3659 videatur
1447 3583 1506 3655 W.
1522 3584 1663 3656 Snellius
1683 3587 1718 3658 in
1735 3585 1874 3680 Typho-

351 3718 393 3769 ne
415 3694 557 3770 Batavo,
582 3682 633 3754 vel
658 3678 931 3773 praestantilbmua
949 3677 1133 3751 Murdoch.

399 3820 430 3919 q.
457 3810 677 3889 blMDLlll.
702 3806 804 3880 Venti
826 3808 1005 3880 commode
1030 3807 1217 3880 dividuntur
1245 3827 1295 3884 1⁰.
1319 3813 1353 3881 in
1383 3809 1569 3906 generalem
1596 3804 1632 3881 dt
1658 3809 1874 3885 constantem.

353 3942 404 3994 20.
430 3921 463 3988 in
485 3908 724 3985 anniversarios.
752 3925 804 4000 3⁰.
828 3907 861 3976 in
883 3908 1024 3978 marinos
1047 3902 1083 3975 ἁ
1104 3905 1287 3991 terrestres,
1312 3906 1377 3979 five
1404 3905 1575 3995 Altanos,
1607 3909 1664 4000 qui
1693 3907 1764 3980 sunt
1788 3907 1875 3982 Tro·

350 4021 437 4112 paei,
465 4009 502 4084 dt
531 4007 685 4104 Apogaei.
721 4001 1005 4098 40.in1iber0s,
1036 4004 1099 4077 five
1127 4024 1249 4100 vagos,
1276 4026 1418 4098 quorum
1445 4005 1554 4079 nullus
1579 4003 1625 4078 est
1650 4004 1769 4078 stabilis
1800 4028 1875 4082 cur·

349 4119 369 4190 s
385 4141 411 4189 s.
1546 4174 1548 4176 ,

363 4144 431 4304 us.
458 4199 674 4281 MMDLIV.
699 4197 827 4273 Ventus
854 4195 1026 4272 Generalis
1051 4199 1134 4271 inter
1150 4195 1336 4289 Tropicum
1358 4198 1502 4284 Cancri,
1521 4195 1557 4269 δι
1581 4197 1794 4290 Capricorni,
1818 4221 1875 4277 aut

351 4331 462 4406 parum
488 4308 604 4388 latius,
630 4301 725 4396 spirat
750 4300 844 4392 supra
870 4297 1042 4369 Oceanum
1067 4295 1298 4383 Atlanticum,
1322 4293 1588 4388 AErhyopicum,
1613 4294 1811 4383 Pacificum,
1837 4299 1875 4373 bt

349 4410 453 4482 lndici
477 4424 614 4495 partem.
661 4399 701 4472 l'n
725 4398 795 4471 aliis
821 4395 934 4469 Terrae
959 4396 1148 4493 regionibus
1181 4394 1297 4466 dantur
1323 4395 1411 4468 venti
1438 4391 1668 4480 anniversarii3
1705 4396 1806 4488 inque
1835 4401 1877 4476 ib

349 4502 561 4602 regionibus,
585 4516 659 4587 quae
683 4513 772 4566 extra
794 4493 961 4587 Tropicns
981 4493 1110 4583 jacent,
1134 4489 1343 4560 observantur
1363 4490 1451 4558 venti
1472 4488 1577 4588 liberi.

398 4618 499 4689 Venti
525 4611 684 4712 generalis
706 4609 869 4686 bisloriam
893 4611 1052 4706 optimam
1078 4606 1275 4683 tradiderunt
1291 4604 1558 4699 praestantillimus
1581 4606 1737 4702 Halleyus
1763 4609 1870 4709 (a),

350 4717 386 4799 δι
411 4715 622 4811 Dampicrius
648 4712 738 4808 (d),
769 4734 856 4808 quos
877 4710 931 4783 hic
954 4732 1017 4783 ceu
1045 4708 1130 4782 srdos
1153 4709 1254 4781 duces
1280 4710 1472 4802 sequemur:
1509 4713 1675 4804 oportebit
1695 4732 1803 4880 autetln
1822 4716 1872 4827 ‘ad

1753 4829 1869 4882 cano·

424 4963 485 5038 (a)
507 4963 615 5025 Philos.
636 4960 784 5024 Tranaasl.
804 4962 861 5024 Νι).
877 4968 943 5032 182.

423 5045 486 5123 (i)
507 5041 610 5107 Traitd
630 5041 682 5104 des
706 5044 811 5104 Venta.
923 5048 973 5108 ,’
1051 5047 1054 5054 “

1083 5135 1343 5231 ittarta
1468 5193 1470 5200 ·
