4992 6767
686 697 1658 794 :METEORlSAERE182
1841 722 1927 818 mr

631 900 673 973 Irr
697 899 796 988 Syria
818 917 938 990 quoque
950 897 1066 990 fertur
1082 899 1159 966 item
1175 896 1259 968 lacus
1284 899 1362 990 effe,
1386 897 1516 986 videri,
1570 923 1575 932 ·

629 1011 866 1112 Quadrupedes
889 1035 1009 1107 queque
1032 1016 1197 1106 questurus
1217 1037 1256 1085 ac
1271 1015 1405 1112 uestigio
1425 1015 1569 1108 primam

628 1122 825 1206 Intulerinr,
846 1122 999 1214 graviter·
1019 1144 1072 1191 ava·
1088 1136 1178 1216 cogat¹
1201 1123 1357 1194 concidere
1380 1123 1470 1219 ipso,

621 1233 781 1305 Menidas
801 1247 838 1300 ur
841 1235 875 1325 st
889 1237 960 1326 siri
984 1231 1073 1302 divis
1096 1239 1241 1304 arandara
1264 1251 1401 1328 repente.

449 1413 558 1506 Prope
577 1407 768 1502 Hierapolim
794 1411 827 1478 in
845 1408 984 1508 Phrygia
998 1432 1093 1483 mons
1112 1409 1178 1497 est,
1203 1413 1237 1481 in
1259 1413 1349 1505 cujus
1370 1418 1490 1486 vertice
1503 1413 1742 1508 profundilhnta
1767 1416 1813 1487 est
1827 1431 1933 1510 aper-¹

400 1533 490 1594 tura,
514 1532 554 1582 ex
577 1529 640 1600 qua
665 1508 814 1600 pellilens
839 1509 906 1576 exit
930 1531 1049 1598 vapor,
1076 1529 1191 1578 omnes
1208 1510 1360 1581 mortales
1383 1531 1540 1601 enecans;
1568 1533 1707 1583 attamen
1726 1513 1866 1597 Strabo,
1885 1511 1935 1584 dt'

400 1610 521 1680 Plinius
547 1607 621 1678 Lib.
651 1629 682 1676 a.
708 1604 793 1696 Cap.
824 1622 882 1695 93.
909 1607 1077 1696 excipiunt
1093 1603 1231 1690 Gallos,
1258 1627 1314 1676 aut
1330 1603 1514 1682 Eunuchos
1529 1609 1683 1699 Cybelis:
1709 1608 1832 1680 Plinius
1850 1609 1923 1701 plu·

400 1727 434 1776 ra
459 1706 532 1776 loca
559 1705 761 1776 memoravit.
1072 1720 1074 1724 ·
1821 1749 1826 1758 .

450 1803 487 1874 ln
516 1800 684 1898 Hungaria
708 1819 835 1872 antrum
860 1795 905 1870 cll
928 1795 1117 1870 Ribariense
1137 1796 1272 1870 lethales
1295 1797 1455 1892 exspirans
1476 1802 1614 1888 halitus,
1648 1802 1860 1893 sulphureos,
1886 1799 1925 1875 dt

397 1900 484 1994 adeo
509 1920 644 1984 tenues,
669 1920 705 1969 ut
729 1898 828 1968 videri
851 1914 1033 1986 nequeant,
1059 1893 1218 1965 transcunt
1235 1915 1354 1986 aquam
1376 1896 1556 1984 acidulam,
1580 1919 1654 1990 quae
1675 1901 1716 1968 ab
1742 1904 1780 1970 iis
1795 1923 1862 1970 non
1885 1900 1924 1971 fit

397 1997 544 2086 lethalis,
570 1999 618 2066 uti
643 2015 737 2066 autor
760 1991 805 2063 cll
821 1989 949 2076 helius,
975 1991 1055 2080 qui,
1073 1993 1204 2062 ulterius
1220 2011 1350 2062 antrum
1370 1994 1764 2084 examinaturus,pullum
1789 1997 1923 2088 gallina·

399 2113 494 2164 ceum
525 2093 620 2165 haliae
635 2092 800 2187 alligatum
824 2089 915 2180 supra
930 2109 968 2158 os
993 2085 1105 2180 specus
1126 2086 1280 2157 detinuit:
1306 2087 1415 2178 pullus
1429 2091 1463 2160 ia
1483 2109 1653 2161 momento
1669 2089 1856 2179 exspiravit,
1872 2093 1924 2180 ip·

400 2190 432 2259 se
453 2189 606 2260 accedere
630 2186 745 2266 volens
767 2185 924 2256 halituum
945 2181 1050 2253 afflatu
1069 2185 1182 2274 pasius
1206 2179 1375 2272 prefocati
1401 2182 1511 2253 senfit:
1536 2205 1603 2254 turn
1616 2188 1649 2254 iu
1664 2204 1789 2253 antrum
1807 2184 1924 2274 explo-

398 2286 434 2357 sit
455 2285 664 2376 Sclopetum‚
691 2279 726 2353 dt
748 2282 867 2349 halitus
882 2279 1021 2366 sunrosr,
1048 2277 1172 2345 foetoris
1190 2273 1350 2365 sulphurei
1366 2277 1513 2367 pluribus
1529 2278 1618 2349 horis
1640 2281 1831 2364 exiverunt,
1855 2280 1924 2352 vid.

396 2380 584 2470 Philosoph.
608 2376 773 2447 Transasi.
799 2371 865 2441 ΝΟ.
894 2393 978 2461 452.
1004 2394 1071 2440 tum
1098 2369 1227 2463 Georg.
1255 2371 1411 2468 Agricola
1435 2370 1511 2445 Lib.
1537 2398 1572 2467 4.

446 2475 504 2547 De
522 2493 618 2545 antro
633 2472 754 2637 εὲυἰηο
774 2469 808 2538 ia
824 2465 1013 2538 Sinuessano
1028 2468 1141 2562 Agru,
1167 2486 1235 2536 tum
1253 2467 1295 2537 de
1310 2467 1500 2561 Lapicidina
1518 2469 1737 2564 Pyrmontana
1752 2471 1845 2567 supra
1866 2475 1922 2572 egi

399 2579 434 2647 in
460 2572 511 2641 Ca
536 2619 546 2637 .
571 2570 613 2639 dc
673 2566 742 2638 dre.
843 2629 850 2645 ,
1153 2611 1155 2616 -

448 2668 485 2738 ln
509 2591 674 2761 {longana
696 2659 829 2752 similem
846 2662 1092 2756 exspirationem
1118 2659 1228 2734 Terrae
1254 2661 1384 2733 tradidit
1405 2662 1531 2736 Comes
1549 2664 1735 2764 Marftglius
1758 2667 1840 2766 (a).
1880 2668 1921 2742 In

400 2765 569 2837 Comitatu
583 2758 787 2834 Neosolienli
797 2758 1154 2854 'propeVeterosolium
1171 2757 1275 2830 hiatus
1282 2757 1341 2844 cll,
1348 2757 1510 2830 satanam
1523 2755 1658 2828 halitum
1674 2768 1846 2847 emittens,
1862 2769 1923 2856 qui

399 2864 576 2932 animantes
609 2857 806 2949 parimodo
832 2856 982 2928 interficit
1004 2877 1042 2927 ac
1063 2857 1096 2928 in
1110 2873 1230 2948 terypta
1252 2855 1390 2927 canina:
1421 2853 1573 2926 conditio
1595 2852 1664 2926 loci
1683 2855 1810 2928 detesto
1832 2857 1924 2948 suit,

398 2958 490 3050 quod
509 2975 582 3028 aves
596 2957 629 3024 in
652 2969 745 3023 antro
769 2975 908 3026 mortuae
927 2952 1113 3045 frequentes
1132 2953 1386 3042 observarentur.

447 3053 520 3124 Pari
541 3047 644 3122 modo
663 3051 697 3119 in
721 3045 947 3137 Transylvania
972 3071 1078 3140 prope
1091 3052 1293 3140 provinciam
1316 3045 1420 3135 Ctik,
1444 3066 1513 3118 non
1527 3046 1627 3146 longe
1647 3071 1666 3122 a
1688 3071 1777 3147 pago
1793 3050 1920 3125 Accida

396 3152 493 3223 etiam
515 3143 698 3240 hujusmodi
723 3141 869 3214 foramen
891 3143 937 3214 eli
960 3145 1174 3215 mortiferum.

446 3246 603 3317 Vesuvius
618 3244 718 3314 Anno
747 3259 850 3333 1737·
876 3262 920 3312 ex
935 3244 1028 3314 variis
1042 3241 1187 3333 partibus
1206 3238 1248 3309 ab
1263 3239 1356 3330 apice
1371 3239 1413 3312 ad
1430 3240 1572 3313 radicem
1589 3244 1711 3316 multos
1726 3247 1847 3320 noxios
1862 3247 1920 3320 ha·

397 3347 471 3417 litus
492 3341 684 3433 exspiravit,
712 3360 732 3408 e
755 3337 875 3408 fissuris
892 3338 1086 3425 avolantes,
1119 3339 1175 3428 qui
1201 3335 1259 3406 sub
1280 3331 1386 3407 forma
1408 3333 1515 3432 frigidi
1541 3340 1629 3411 venti
1651 3341 1692 3413 ad
1715 3341 1920 3417 altitudinem

398 3445 492 3513 trium
513 3441 638 3509 circiter
656 3436 839 3523 palmorum
860 3434 1117 3512 adscendebant,
1142 3452 1210 3499 tum
1226 3431 1388 3520 serpentes
1405 3436 1439 3500 in
1454 3431 1525 3502 solo
1540 3436 1613 3522 post
1628 3438 1921 3524 aliquatpall'uum

398 3533 597 3629 progressum
621 3525 872 3599 evanescebant:
898 3523 1095 3593 transeuntes
1104 3525 1200 3604 loca,
1218 3525 1253 3591 ia
1270 3527 1388 3610 quibus
1400 3545 1520 3612 pecora
1537 3525 1767 3614 pascebantur,
1793 3532 1865 3604 haec
1880 3535 1921 3606 il·

398 3635 464 3704 lico
486 3625 721 3700 interficiebant
748 3620 833 3714 (b).
883 3619 977 3710 Saepe
1000 3617 1174 3689 effunditur
1187 3620 1350 3702 materia,
1375 3639 1449 3709 quat
1466 3621 1569 3692 Lana
1584 3623 1786 3713 appellatur,
1809 3629 1867 3697 ubi
1880 3629 1922 3698 fi.

398 3730 510 3810 stitur,
531 3721 577 3792 est
603 3718 700 3812 plena
722 3715 857 3808 mephiti
879 3714 1009 3801 lethali3
1033 3713 1146 3787 defluit
1170 3734 1279 3785 autem
1304 3715 1430 3805 semper
1444 3718 1479 3787 ia
1500 3715 1574 3787 loca
1594 3715 1779 3794 humiliora.

446 3821 616 3896 Cardanus
634 3814 796 3907 prodidit,
817 3811 849 3882 se
872 3811 1065 3898 interfuisse,
1089 3832 1165 3882 cum
1179 3811 1295 3900 aliquis
1309 3809 1455 3882 cloacam
1478 3810 1669 3887 fornicatam
1682 3816 1927 3895 'exstruendam

398 3937 583 4006 curaverat,
607 3910 730 4003 &post
756 3931 812 3980 20.
828 3907 897 3978 dies
912 3907 1009 4002 lignei
1024 3929 1117 3981 arcus
1137 3904 1407 3995 extraherentur,¹
1424 3909 1607 3982 conduuor
1621 3909 1703 3984 scala
1717 3915 1917 3990 immissade·

400 4016 541 4100 scendit,
566 4008 690 4083 eumad
701 4006 842 4076 medium
862 4023 1070 4096 pervenerat,
1085 4004 1231 4090 concidit
1244 4024 1413 4092 mortuus,
1428 4007 1529 4098 idque
1544 4010 1579 4078 ia
1593 4007 1723 4083 duobus
1734 4012 1804 4084 aliia
1818 4016 1918 4088 etiam

403 4116 509 4188 evenit
526 4127 660 4201 propter
674 4104 791 4174 halitus
807 4102 866 4173 soli
883 4098 1074 4173 suffocantes
1099 4102 1121 4195 (
1155 4102 1187 4192 ).
1223 4163 1227 4172 .

448 4212 486 4282 ln
509 4205 612 4278 Insula
631 4201 726 4273 Vetti
750 4219 868 4293 puteus
892 4195 1095 4282 fodiebatur,
1121 4200 1154 4267 in
1180 4197 1347 4267 altitudine
1375 4199 1429 4269 18.
1454 4195 1577 4289 pedum
1600 4199 1932 4278 offenduntslratum'

400 4304 542 4380 minerali
567 4302 785 4396 permixtam,
809 4317 927 4370 novem
954 4295 1091 4387 pollices
1114 4291 1267 4381 crassum,
1293 4296 1421 4364 interim
1437 4292 1918 4398 profitndiusfoderepergunt,

400 4425 510 4478 verum
531 4400 643 4493 elapsis
666 4397 842 4470 duodecim
864 4394 977 4466 diebus
998 4413 1040 4465 ex
1062 4391 1123 4465 isto
1148 4390 1245 4463 strato
1262 4391 1407 4466 minerali
1423 4393 1534 4477 calor,
1559 4413 1712 4488 tanquam
1726 4417 1768 4469 ex
1784 4419 1843 4472 ore
1858 4399 1917 4471 cli-

480 4692 541 4764 (α)
561 4690 724 4763 Mathgllus
747 4691 782 4750 de
800 4690 937 4751 Danubio
958 4693 1046 4751 Tam.
1071 4706 1096 4750 1·
1113 4703 1178 4767 pag.
1201 4705 1248 4764 94.

478 4770 538 4848 (b)
560 4770 836 4922 ernodtOPbdrpfflds
857 4771 914 4829 No.
936 4785 1005 4844 455.
1024 4785 1090 4846 pag.
1111 4779 1179 4843 246.
1200 4765 1327 4847 Neapal.
1350 4765 1439 4836 dead.
1454 4769 1565 4856 Selenis
1580 4772 1617 4838 de
1632 4772 1924 4864 Valentiorum

476 4927 535 5004 (c)
558 4926 705 4988 catalanos
727 4924 763 4985 de
786 4941 880 4987 rerum
901 4926 1089 4988 variet.l.ib·
1112 4930 1352 5014 asemper,
1373 4936 1425 4998 aot
1703 4955 1708 4962 ·
1810 4907 1816 4920 ⁸
