4992 6767
524 669 613 760 soa
971 663 1107 754 ua
1245 661 1595 777 noua·

584 872 635 954 3·.
660 855 832 954 Quanam·
849 856 954 932 fluida
976 858 1215 955 congelantur?
1241 857 1364 930 Omnia
1382 823 1538 949 aquosi,
1561 852 1670 939 Vina,
1696 849 1824 940 Aeeta,
1849 855 1987 948 Spiritus
2017 861 2064 934 Vi

535 961 570 1042 ni
596 974 760 1028 verruntur
783 960 817 1027 in
838 956 975 1052 glaciem
999 956 1153 1042 solidam,
1178 957 1249 1028 vasa
1270 955 1472 1053 frangentem
1499 954 1602 1047 (a),
1627 951 1681 1022 sed
1706 952 1843 1042 Spiritus
1868 954 1945 1029 Vini
1970 963 2064 1033 resti·

535 1053 648 1128 ficatus
673 1051 777 1124 induit
794 1053 1029 1126 confillenriam
1049 1054 1114 1125 olei
1138 1053 1429 1150 semiconglaciati,
1453 1072 1508 1121 aut
1530 1074 1613 1122 cera·
1629 1049 1737 1120 mollis
1764 1048 1862 1142 (ὓς
1886 1059 2066 1152 coagulum

535 1150 574 1222 fit
597 1171 639 1220 ex
661 1146 804 1221 inferiori
826 1170 915 1243 parte
938 1150 1075 1241 Spiritus
1103 1150 1201 1236 Vini,
1226 1153 1283 1242 qui
1308 1150 1425 1220 ultimo
1453 1147 1550 1244 gelat.
1576 1148 1685 1242 gelant
1710 1145 1812 1216 multa
1834 1147 1907 1218 olea
1929 1176 2064 1245 expres·

537 1246 585 1318 sa:
612 1246 666 1316 sed
689 1249 722 1316 in
745 1248 852 1319 multis
878 1247 1039 1319 destillatis
1064 1248 1207 1340 pericula
1236 1248 1384 1319 nondum
1419 1246 1489 1318 sunt
1517 1267 1637 1338 capta:
1671 1242 1753 1316 Non
1786 1246 1937 1340 congelat
1969 1273 2064 1324 natu·

539 1342 647 1418 taliter
669 1345 756 1431 nar,
781 1367 843 1416 nec
868 1343 1053 1416 Mercurius
1079 1343 1145 1416 dec.

593 1465 648 1547 4⁰.
679 1452 825 1551 Quando
856 1459 965 1529 vitreae
996 1454 1141 1527 fenestrae
1171 1456 1307 1529 crustam
1339 1454 1506 1552 glacialem
1538 1452 1734 1526 contrahunt
1765 1454 1898 1525 interius
1926 1478 1945 1526 a
1973 1481 2066 1550 parte

537 1553 700 1624 camere?
725 1575 801 1623 cum
822 1552 926 1647 gelat,
955 1548 1128 1624 &caelum
1151 1553 1346 1625 extrinsecus
1368 1553 1472 1623 multo
1495 1552 1640 1648 frigidius
1654 1551 1700 1620 est
1722 1555 1796 1623 aere
1814 1570 1970 1640 camerae,
1996 1577 2067 1632 tum

537 1653 625 1720 enim
649 1652 731 1743 ignis
756 1652 790 1720 in
812 1670 939 1720 camera
961 1649 1174 1742 aequilibrium
1193 1650 1373 1735 affedlans,
1400 1648 1529 1720 evolare
1552 1652 1681 1731 nititur,
1703 1649 1923 1741 propellitque
1947 1652 2066 1726 humo·

537 1767 589 1819 res
612 1767 671 1839 per
693 1748 801 1818 adrem
823 1747 979 1838 dispersos
1000 1749 1041 1817 ad
1066 1747 1245 1832 fenestras,
1271 1751 1375 1839 iisque
1403 1747 1569 1838 appositos
1591 1745 1761 1836 relinquit,
1786 1745 1855 1835 ipso
1880 1751 1952 1819 vitri
1980 1772 2066 1822 mea·

539 1865 591 1915 tus
617 1864 825 1934 permeante,
851 1845 969 1913 deinde
993 1842 1146 1915 humores
1164 1848 1252 1915 vitris
1276 1843 1661 1939 appofiti'congelantur:
1688 1842 1722 1912 Si
1742 1863 1850 1912 autem
1872 1843 1973 1942 frigus
1989 1870 2065 1920 acre

539 1938 577 2012 dt
601 1939 736 2035 longum
758 1940 879 2024 fuerit,
910 1941 997 2012 ades
1021 1943 1117 2011 etiam
1142 1945 1183 2012 ab
1207 1941 1413 2013 inclementia
1438 1941 1562 2030 hyemis
1583 1938 1779 2034 frigedida,
1805 1935 1840 2009 ἃ
1864 1963 1882 2011 a
1903 1943 1979 2039 gelu
2006 1967 2065 2037 pe·

539 2056 672 2109 netratae
696 2037 775 2120 fint,
800 2039 969 2131 contingat
990 2040 1023 2108 in
1048 2040 1132 2108 caelo
1153 2037 1269 2109 celeris
1289 2039 1446 2135 regelatio
1463 2039 1571 2128 juncia
1597 2058 1672 2106 cum
1694 2033 1861 2123 humore,
1892 2039 1957 2130 jam
1981 2044 2064 2138 ignis

540 2131 737 2202 extrinsecus
751 2135 840 2203 vitris
857 2132 989 2204 adducit
1004 2132 1196 2220 humorem,
1221 2138 1381 2226 irreptans
1396 2133 1463 2224 ipse
1480 2137 1513 2203 in
1535 2155 1716 2215 cameram,
1742 2134 1760 2201 i
1777 2154 1913 2206 camerae
1931 2139 2007 2234 gelu
2028 2133 2064 2211 dt

539 2229 662 2328 frigore
684 2226 838 2299 humores
857 2230 1053 2301 extrinsecus
1077 2235 1163 2302 vitris
1190 2232 1448 2302 obhaeresccntes
1470 2232 1694 2325 congelantur.

586 2343 641 2428 5⁰.
666 2329 829 2432 Quanam
852 2333 897 2404 eil
921 2336 1038 2406 utilitas
1058 2337 1161 2433 gelu?
1188 2337 1316 2410 Carnes
1333 2338 1512 2428 quaslibet,
1537 2339 1741 2427 Cuniculos,
1767 2341 1956 2426 Perdices,
1981 2346 2066 2422 Pht·

540 2429 674 2516 fianos,
708 2429 818 2502 Pisces
842 2452 978 2506 necatos
1011 2429 1046 2502 dt
1070 2433 1188 2506 deinde
1211 2437 1402 2529 congelatos
1428 2436 1551 2526 absque
1571 2436 1771 2510 adminiculo
1793 2439 1874 2512 Salis
1898 2443 2065 2534 praeservat

542 2549 563 2599 a
586 2526 779 2620 puuedine‚
802 2524 837 2596 u
854 2547 948 2620 aptos
963 2531 1104 2615 cibatui,
1128 2554 1149 2603 a
1173 2530 1282 2601 mense
1297 2530 1453 2602 Octobris
1475 2531 1515 2601 ad
1538 2532 1676 2622 Aprilim
1699 2538 1732 2606 in
1756 2537 1824 2608 finu
1841 2535 1989 2612 Hndsoai
2004 2565 2066 2615 no·

541 2643 629 2700 tante
651 2622 745 2696 Ellis.
796 2622 958 2696 Nonnulli
985 2647 1092 2696 tamen
1113 2627 1256 2715 liquores
1278 2626 1434 2717 spirituosr
1459 2623 1494 2698 δι
1517 2629 1612 2698 odori
1637 2632 1710 2719 post
1734 2635 1995 2729 congelationem
2015 2661 2068 2712 re·

540 2719 600 2792 fusi
624 2738 754 2811 ponunt
774 2718 912 2790 odorem
934 2726 1245 2812 empyreumaticum
1272 2719 1306 2792 dt
1331 2722 1413 2794 liunt
1435 2720 1659 2811 suaveolenti,
1691 2731 1736 2799 uti
1765 2731 1799 2801 in
1823 2732 1920 2822 Aqua
1942 2734 2067 2810 florum

539 2819 754 2890 Arantiorum
774 2835 926 2906 expertus
954 2817 1001 2887 est
1028 2815 1229 2908 Geoffroyus
1256 2820 1277 2913 (
1313 2819 1346 2911 ).

592 2925 644 2998 6⁰,
669 2923 782 3019 Quare
808 2927 914 2998 aestate
937 2928 1056 3020 glacies
1080 2935 1112 3000 in
1133 2931 1339 3017 recipiente,
1370 2949 1411 2998 ex
1434 2950 1503 3019 quo
1533 2931 1605 3005 ner
1628 2935 1775 3026 trahitur,
1800 2956 1902 3029 ocyus
1924 2939 2068 3014 refundi·

541 3043 616 3105 tur,
642 3041 739 3110 quam
764 3019 823 3091 sub
846 3024 904 3092 dio
931 3023 1022 3115 (d).
1077 3020 1165 3117 Quia
1190 3025 1262 3094 Aer
1283 3027 1317 3093 in
1338 3024 1441 3119 glacie
1466 3026 1659 3103 delitescens
1690 3036 1724 3105 in
1750 3054 1854 3106 vacam
1883 3035 1913 3106 se
1945 3059 2068 3130 expan-

542 3118 610 3200 dit,
633 3134 807 3207 partesque
833 3116 950 3209 glaciei
974 3122 1160 3207 apartibus
1184 3139 1351 3204 removet,
1375 3120 1514 3216 frangit,
1539 3146 1637 3217 atque
1667 3134 1711 3201 ita
1733 3128 1851 3202 refullo
1879 3133 2066 3226 adjuvatur,

543 3232 620 3306 quae
642 3211 683 3282 ab
707 3207 885 3284 accedente
909 3213 1005 3307 igne,
1031 3235 1126 3305 aeque
1149 3212 1287 3306 copioso
1310 3218 1347 3294 iu
1370 3238 1494 3310 uacuo,
1520 3241 1559 3294 ac
1584 3224 1641 3299 sub
1666 3228 1745 3318 dio,
1768 3227 1946 3323 perficitur.

621 3507 682 3586 (a)
700 3508 774 3571 Ellis
794 3511 917 3592 voyage
938 3525 970 3579 to
996 3514 1132 3578 Hudsona
1154 3518 1223 3595 Ray.
1245 3535 1312 3600 pag.
1335 3533 1403 3595 ης.

620 3587 660 3664 (b
701 3591 867 3655 Commeat.
889 3593 1039 3674 Petropol.
1063 3599 1132 3658 Vol.
1154 3597 1205 3660 Xl.
1227 3617 1293 3678 pag.
1317 3603 1386 3672 258·

621 3669 661 3739 (t
705 3669 818 3732 L'Hlll.
841 3671 878 3733 de
898 3672 1010 3736 l'Acad.
1030 3677 1108 3752 Roy.
1128 3678 1181 3740 Aa,
1207 3695 1292 3752 1713.
1314 3695 1380 3754 pag.
1404 3697 1452 3758 39.

556 3773 563 3782 ·
623 3746 686 3827 (d)
706 3747 820 3814 L'Hlss.
841 3750 879 3812 de
898 3749 1010 3814 l'Autd.
1028 3755 1110 3829 Rop.
1128 3755 1185 3818 Δο.
1207 3763 1377 3829 tzod-1²⁸8·
1399 3766 1449 3821 aa.
