4992 6767
537 703 631 834 lind
985 702 1125 795 DE
1275 695 1610 794 ΜΝΞ.

545 921 595 994 utl
610 913 706 1007 'pater
725 911 760 980 in
781 901 951 1034 nonnullis
970 904 1180 980 rehenenrer
1201 897 1498 1000 ignitiornetallit,
1520 894 1702 1030 lapidibus,
1727 897 1979 985 terrir,.salibus
1998 899 2073 974 iffi.

548 1009 863 1228 mffiDXCW.
888 1120 1064 1216 Pollqoarn
1088 1057 1227 1192 maxima
1252 1122 1336 1217 ignia
1355 1097 1456 1212 *copia
1475 1141 1518 1192 ex
1534 1053 1728 1193 memoreris
1751 1126 1941 1212 corporibus
1965 1127 2079 1202 evola·

544 1229 614 1314 nit,
639 1247 710 1299 non
730 1221 868 1315 amplius
891 1223 1024 1310 nitent,
1049 1218 1177 1291 etiami
1202 1218 1309 1291 adhuc
1332 1217 1489 1308 caleant,
1513 1221 1560 1291 uti
1582 1222 1618 1293 in
1641 1217 1815 1310 Metallis,
1840 1218 1969 1310 Terris,
1993 1224 2079 1297 mul-

541 1327 655 1418 sitque
679 1321 860 1416 Lapidibur
887 1319 998 1391 uidere
1021 1317 1079 1389 est.
1738 1315 1741 1322 '

599 1465 633 1558 S.
659 1457 856 1538 MDXCV.
879 1461 1066 1551 Antequam
1082 1477 1167 1532 nero
1188 1461 1273 1556 ignis
1296 1480 1338 1530 ex
1361 1441 1558 1553 rapidiffirno
1582 1479 1695 1549 motu,
1720 1445 1789 1554 quo
1809 1482 1903 1534 antea
1926 1465 2079 1559 vigebat,

539 1564 591 1638 ad
613 1566 773 1636 leniorem
795 1559 1019 1648 lenioremque
1041 1551 1077 1627 dr
1102 1545 1170 1628 fere
1191 1555 1234 1628 ad
1258 1560 1402 1648 quierem
1417 1554 1571 1646 tranliit,
1597 1558 1775 1646 velocitatis
1800 1561 1926 1653 semper
1948 1563 2077 1648 decres-¹

542 1665 653 1736 ‚centis
679 1655 901 1734 diverlillrmos
922 1653 1045 1753 gradun
1069 1652 1175 1746 pallus
1192 1653 1255 1725 est:
1276 1653 1362 1727 -ldeo
1387 1653 1563 1748 aliquando
1588 1656 1725 1730 multum
1741 1661 1825 1755 ignis
1841 1680 1953 1751 parurn
1979 1664 2080 1757 agia.

549 1761 648 1832 tirel
674 1780 751 1830 cum
773 1757 825 1829 err·
873 1757 900 1824 is
931 1749 1122 1824 effectibus:
1164 1752 1341 1844 aliquando
1376 1755 1623 1850 parumfignis,
1657 1753 1710 1825 sed
1733 1757 1940 1828 vehementer
1969 1763 2079 1846 moti,

547 1881 627 1931 cum
655 1857 779 1952 ingenti
799 1777 925 1923 effodio
947 1850 1199 1939 incorporibus
1220 1849 1285 1921 elie
1305 1851 1422 1943 potest.
1469 1849 1579 1926 Forte
1601 1854 1645 1923 ita
1662 1852 1734 1944 sunt¹
1753 1854 1929 1948 phosphori
1943 1859 2079 1929 exmol-

553 1959 593 2027 tis
615 1951 883 2049 Vegetabilibua,
909 1943 1102 2030 Foliillbus,
1125 1966 1223 2042 atque
1247 1968 1290 2019 ex
1315 1949 1501 2022 animalium
1528 1951 1696 2041 partibus,
1718 1955 1892 2045 praecipue
1917 1973 1957 2023 err
1974 1953 2079 2028 Urina

549 2053 673 2144 paracl,
698 2050 777 2140 qui,
800 2066 880 2118 cunr
901 2042 960 2115 sub
981 2062 1065 2137 aqua
1085 2040 1244 2140 frigeant,
1269 2066 1331 2132 nec
1357 2048 1508 2135 luceant3
1533 2066 1622 2119 extre
1647 2047 1782 2142 riquarn
1802 2050 1912 2121 lucent
1934 2070 2079 2140 rentum,

549 2147 756 2240 multumque
774 2146 883 2242 ignis,
907 2138 961 2212 led
986 2137 1298 2232 frequiescens,
1322 2147 1519 2226 continent:
1553 2143 1609 2218 hic
1632 2146 1716 2242 ignis
1734 2167 1845 2218 tamen
1866 2145 1958 2220 facile
2023 2151 2031 2166 ‘
2065 2185 2079 2201 ·

545 2261 624 2338 cur,
650 2237 685 2315 dt
708 2261 777 2313 runr
804 2239 972 2328 externplo
998 2257 1096 2329 quarn
1119 2239 1323 2314 abundanter
1346 2240 1487 2314 inclulira
1502 2240 1635 2331 luerit,
1664 2243 1768 2322 ¹celeri
1789 2239 1935 2325 &facili
1952 2170 2080 2322 inagm.

550 2346 718 2428 rnatione,
743 2338 996 2427 vehementique
1020 2333 1138 2405 ardore
1161 2335 1312 2414 ostendit.
1378 2421 1381 2428 ¹
1540 2337 1544 2350 '
1812 2351 1833 2434 ¹·

599 2440 687 2512 Cala
712 2436 848 2510 iamtilis
867 2437 901 2506 in
924 2433 1080 2503 mortario
1099 2434 1133 2505 in
1158 2437 1299 2506 tenebris
1323 2434 1409 2522 tusa,
1428 2436 1542 2509 lucen
1558 2437 1665 2512 albam
1685 2437 1888 2525 effundir,ii
1909 2446 2079 2540 extingua-

545 2561 601 2612 ¹tur
625 2537 750 2629 Aqui,
782 2553 856 2607 eam
881 2531 923 2603 ad
950 2529 1176 2601 ebullitionem
1202 2533 1347 2628 redigit,
1380 2536 1458 2629 igne
1487 2538 1677 2626 quiescente
1704 2538 1746 2608 ab
1775 2541 1872 2629 Aqua
1894 2537 2017 2626 soluto,
2044 2539 2079 2613 dc

544 2631 854 2805 reuniri:
872 2626 2079 2810 currennn,

547 2830 658 2908 rutilas
682 2827 801 2898 emittit
827 2821 1000 2905 flammas,
1025 2819 1159 2890 auctore
1188 2816 1436 2918 Homberg'io.-
1544 2779 1556 2818 ⁹
1910 2905 1912 2912 Ι
2069 2825 2071 2832 ·

592 2925 689 3001 Idem
715 2921 861 3010 Minium
882 2922 917 2990 in
940 2933 1045 2989 vacuo
1067 2913 1257 2996 calefactum¹
1283 2913 1746 3024 vehemeniierrppnlione&
1769 2917 1922 2998 incendio
1944 2927 2076 3019 proban

548 3021 607 3098 De
635 3023 708 3093 luce
733 3017 949 3110 Dactylorunr
971 3015 1173 3084 marinorum
1198 3013 1296 3085 succo
1313 3011 1572 3108 iniiaere'nte'„&
1598 3015 1800 3092 cun'Latte
1822 3021 1957 3108 misto,
1983 3025 2077 3102 finili

544 3120 654 3196 ‚modo
679 3117 887 3188 ratiocinatur
909 3109 1048 3183 Dotlilr.
1074 3107 1250 3182 Beccariu's
1277 3107 1373 3204 (alr
1399 3111 1488 3198 Cum
1509 3115 1596 3200 'enim
1624 3113 1677 3186 ln'c
1698 3113 1779 3208 illud
1793 3113 2005 3216 ,aliquamdiu
2028 3128 2076 3197 ni.

478 3271 481 3276 -
548 3237 639 3298 tear,
664 3214 782 3286 deinde
811 3211 982 3283 obscurum
1008 3209 1070 3295 srt,
1097 3207 1208 3300 postea
1230 3209 1386 3305 agitattnu
1412 3205 1447 3282 dt
1472 3208 1662 3284 calefadtum
1685 3211 1798 3288 dentr'o
1830 3213 1959 3303 luceat,
1980 3219 2077 3318 'frigi-

459 3383 462 3388 .
547 3321 629 3391 duim
651 3308 686 3386 dr
707 3311 880 3404 quiescens
902 3307 954 3380 fit·
967 3305 1071 3378 rursus
1101 3303 1301 3395 obscurum;
1335 3308 1510 3399 primordia
1540 3307 1654 3394 lucis,
1686 3311 1821 3404 inquit,
1852 3313 1900 3386 illi
1926 3316 1999 3387 laeli
2025 3323 2074 3390 jn„

547 3416 640 3502 sunt,
668 3406 704 3482 dt
731 3409 802 3480 aliis
827 3408 1014 3500 principiis,
1038 3424 1081 3475 ne
1113 3405 1148 3474 in
1174 3403 1280 3474 lucem
1307 3425 1500 3498 erumpant,
1524 3405 1737 3486 coercentur:
1764 3408 1813 3483 Ur
1836 3432 1943 3484 autern
1968 3433 2075 3486 erum.

545 3531 625 3614 pant
649 3503 783 3581 &inde
811 3505 868 3576 lux
892 3503 964 3590 lint,
992 3520 1124 3595 oportet
1148 3519 1185 3571 ut
1209 3521 1251 3572 ex
1271 3501 1321 3573 bis
1345 3505 1512 3598 principiis
1536 3489 1714 3592 solvantur,
1731 3527 1810 3584 ,turn
1834 3529 1870 3581 ut
1893 3508 1992 3581 solutu
2020 3523 2088 3584 ca:

545 3613 617 3686 lore
643 3603 677 3679 ἀ
701 3606 876 3704 agitatione
899 3603 993 3675 larius
1023 3597 1253 3690 explicentur,
1278 3621 1352 3692 quae
1375 3599 1550 3694 explicatio
1575 3601 1706 3674 tandem
1724 3601 1843 3678 :lucem
1866 3604 1964 3677 facite
1990 3605 2072 3682 Non
2129 3631 2132 3640 ·

545 3731 625 3784 vero
647 3707 759 3777 omnia
783 3699 876 3774 simul
898 3701 981 3773 lucis
1006 3695 1189 3790 primordia
1213 3695 1407 3786 solvuntur,
1438 3695 1493 3772 sed
1516 3683 1716 3788 succellve,
1741 3700 1849 3778 donec
1871 3709 1979 3806 omnia
2005 3729 2070 3778 [an.

539 3809 621 3880 dern
644 3799 841 3891 dillipentut·

592 3957 625 4054 p.
651 3947 861 4026 MDXCVI.
887 3946 976 4043 lgois
999 3948 1034 4017 in
1065 3944 1260 4035 corporibus
1283 3945 1476 4020 delitescens
1497 3970 1517 4019 a
1541 3950 1706 4022 nonnullis
1731 3958 2070 4035 circumambienribus

541 4054 739 4148 corporibus
762 4051 935 4131 retinetur,
960 4046 1001 4116 ab
1026 4043 1096 4114 aliis
1121 4044 1210 4133 quasr
1233 4043 1408 4116 eanahrrur
1430 4045 1525 4117 citius
1545 4043 1713 4118 lentiusve.

593 4149 733 4226 Metalla
759 4150 869 4231 eninr,
894 4144 989 4230 saxa,
1007 4141 1157 4232 lapides,
1182 4141 1296 4239 ligna,
1330 4139 1433 4213 fluida
1454 4142 1540 4214 valis·
1557 4141 1707 4228 inclusa,
1733 4143 1767 4218 dt
1792 4148 1915 4237 calida,
1941 4155 2071 4228 involve

542 4250 664 4338 Lana,
690 4247 802 4332 Villo,
829 4243 973 4316 Pellibus
988 4237 1199 4326 animalium,
1224 4237 1382 4332 Capillis,
1403 4238 1550 4327 Plumis,
1577 4239 1745 4316 diutilsrnre
1760 4246 1930 4320 calebunt:
1955 4273 2070 4324 contre

543 4349 582 4422 iis
607 4337 739 4430 aliunde
761 4347 912 4434 Aquom,
935 4336 1058 4409 aliosve
1078 4336 1240 4432 liquores,
1265 4339 1321 4428 qui
1342 4327 1486 4410 ambiant
1513 4337 1630 4424 ebdenr
1652 4339 1820 4415 volumine
1843 4343 1884 4417 ac
1903 4343 2003 4418 lana
2033 4355 2067 4423 in

544 4448 645 4539 priori
669 4443 846 4518 tentamine
869 4435 1051 4519 ambierat,
1076 4454 1132 4505 aut
1154 4454 1244 4526 pone
1265 4434 1323 4505 sub
1344 4435 1420 4523 dio,
1437 4435 1540 4508 citiud
1567 4433 1846 4534 refrigerabuntur.
1907 4442 1998 4539 Quia
2019 4449 2070 4544 ig-

543 4544 594 4612 nis
618 4563 687 4612 non
706 4559 782 4610 cum
805 4532 929 4606 infiniti
951 4533 1121 4625 rapiditate
1146 4550 1248 4603 tranat
1270 4553 1430 4624 corpora,
1455 4553 1496 4604 ex
1521 4535 1558 4604 iis
1574 4537 1682 4607 omnis
1701 4531 1757 4629 qb·
1774 4541 1895 4626 inerat,
1920 4565 1990 4614 non
2007 4543 2069 4615 lia·

543 4642 601 4710 tim
629 4638 706 4707 exit
756 4632 936 4722 Recipiens
957 4636 1094 4704 vitreurn
1122 4629 1221 4701 Aeris
1244 4652 1381 4702 vacuum
1405 4631 1455 4703 vel
1480 4630 1639 4723 plenum,
1676 4635 1805 4728 inquo
1833 4638 1879 4710 est
1904 4639 2067 4714 Thermo·

539 4753 706 4821 mettum,
727 4730 802 4804 Soli
824 4731 938 4801 nitenti
964 4731 1170 4811 obvertarul,
1194 4727 1269 4820 plus
1289 4728 1373 4825 ignis
1389 4729 1551 4826 colligitur
1569 4726 1603 4800 dt
1620 4733 1653 4803 in
1669 4731 1846 4826 recipiente
1862 4757 2006 4826 tenetur,
2032 4761 2068 4811 ut

2024 4857 2065 4907 ex

614 5025 672 5112 (e)
692 5025 891 5090 commentor.
910 5017 1092 5084 Bononieni.
1113 5019 1181 5083 Vol.
1202 5013 1230 5083 a}
1249 5035 1319 5100 pag.
1341 5023 1410 5084 2⁶6.
