4992 6767
695 700 1285 794 DESCRIPTIO
1340 700 1691 838 OCULL
1846 715 1931 825 ”742

397 903 482 983 le'sto
503 920 544 978 an
590 900 679 974 stiur.
728 901 879 975 Annulus
900 900 972 983 ille,
998 901 1089 993 cujus
1109 903 1265 973 ambitum
1295 900 1450 994 majorem
1478 898 1719 971 &convexum
1741 919 1799 973 ora
1814 901 1926 980 serrata

401 1006 436 1079 dv
462 1005 547 1076 undu
561 1023 609 1072 ata
634 1020 784 1071 accurate
806 998 945 1088 limitat,
974 995 1008 1067 dt
1032 1022 1050 1068 a
1075 999 1243 1088 posteriori
1267 998 1432 1069 chotoidis
1461 1016 1551 1088 parte
1572 996 1757 1092 distinguit,
1781 1001 1814 1069 in
1834 1019 1927 1089 parte

401 1102 582 1196 posteriori·
597 1095 633 1168 dt
655 1098 804 1190 ampliori
819 1097 942 1186 ubique
970 1086 1160 1190 nigerrimus
1185 1113 1339 1186 apparet,
1365 1095 1519 1167 adlineaa
1539 1113 1646 1164 autem
1666 1117 1685 1165 a
1704 1095 1793 1165 lente
1808 1096 1924 1169 distan-

400 1202 476 1270 tiam
502 1196 651 1287 plurimae
669 1195 762 1272 lioeae
776 1190 892 1277 -aibae,
918 1214 995 1263 cum
1013 1192 1184 1264 intervallis
1208 1197 1307 1287 nigris
1330 1193 1450 1264 alterne
1464 1193 1575 1284 politae
1600 1192 1862 1283 conspiciuntur,
1887 1213 1926 1267 ur

400 1295 467 1366 duo
489 1292 556 1363 fere
581 1290 703 1363 annulli
729 1289 805 1364 inde
823 1288 1031 1380 formentur,
1065 1290 1144 1359 alter
1174 1287 1386 1377 posterior&
1408 1291 1573 1379 amplior,
1606 1290 1727 1381 ubique
1759 1291 1926 1381 aequaliter

401 1394 497 1486 nigro
514 1390 627 1460 colore
652 1390 789 1472 nouus,
814 1386 896 1457 alter
917 1389 1058 1466 anterior
1081 1384 1114 1456 δι
1131 1387 1379 1480 angullior,·ett
1395 1389 1486 1458 lineis
1503 1388 1584 1457 albia
1604 1381 1647 1455 δι’
1655 1390 1774 1482 nigris,
1798 1389 1925 1465 altento

401 1491 516 1560 ordine
535 1487 649 1578 politis·
665 1488 852 1580 variegatus.
903 1482 1014 1554 Lineae
1035 1483 1097 1552 illae
1113 1484 1199 1554 albae
1207 1485 1349 1556 castriis
1369 1484 1618 1575 vincunl'picuis
1634 1486 1759 1580 origine
1774 1484 1925 1575 pallidio·
2033 1554 2038 1563 ,

404 1589 430 1655 ri
454 1606 552 1664 ortae,
578 1584 697 1653 lentem
722 1582 828 1654 versus
850 1580 959 1650 lenstm
979 1579 1155 1671 latescunt,
1182 1579 1216 1649 dt
1234 1586 1368 1671 propius
1385 1581 1471 1651 adse
1487 1584 1623 1651 invicem
1640 1581 1850 1663 accedentes,
1876 1582 1926 1653 ul·

405 1703 451 1752 tta
471 1680 629 1750 circulum
651 1677 1003 1766 maximum-lentisad
1023 1683 1272 1748 convexitatem·
1285 1680 1352 1768 ejus
1375 1680 1570 1750 anteriorem
1593 1677 1925 1767 produci-videntur,

403 1799 438 1849 ut
462 1777 532 1847 latis
552 1798 764 1871 magna-pars
787 1774 999 1845 illarumante
1022 1773 1141 1845 lentem
1162 1775 1410 1865 iplam-jaceat,
1439 1797 1502 1846 nec
1525 1775 1582 1844 nist
1609 1773 1845 1863 transpiciendo
1867 1792 1926 1866 per

403 1874 471 1965 ejus
503 1872 703 1942 substantiam
736 1871 929 1964 pellucidam
952 1871 1121 1940 videatur:
1154 1872 1248 1941 linea
1274 1871 1337 1941 illae
1361 1872 1443 1946 albae
1468 1871 1538 1941 suut
1564 1872 1757 1960 corpuscula
1778 1872 1928 1967 oblonga

406 1974 578 2039 eminentia
596 2020 607 2052 ,
632 1970 673 2039 ad
697 1971 851 2040 ambitum
877 1970 1026 2060 corporis
1049 1969 1165 2040 ciliaris
1179 1988 1363 2039 convexum
1380 1971 1528 2039 tenuiora
1545 1963 1579 2037 ἃ
1597 1967 1787 2055 pallidiora,
1810 1969 1854 2037 ad
1870 1989 1924 2039 ca·

403 2090 490 2138 vuur-
504 2064 705 2137 eunom&
723 2069 831 2160 ¹magis
854 2065 947 2151 alba,
975 2087 1049 2156 quae
1072 2065 1182 2140 senlim
1207 2064 1447 2137 lentoortuex
1464 2063 1544 2133 litiis
1560 2061 1839 2153 vix-conspicuis,
1865 2087 1924 2155 pu·

404 2163 768 2254 rallelis,.in1cotporis
790 2161 907 2260 ciliatis
928 2163 1051 2234 ambitu
1076 2162 1259 2252 ampliori,-
1272 2161 1504 2252 posteriori-ab
1531 2181 1589 2230 ora
1603 2160 1686 2231 illius
1703 2180 1846 2234 extrema
1863 2182 1924 2233 un·
1986 2177 1990 2184 '

404 2259 511 2331 dulvta
532 2260 712 2331 antrorsum
741 2261 991 2346 incedentibus,
1016 2260 1173 2327 oriuntur.

448 2353 599 2426 Abiletso
626 2359 717 2425 omni
741 2355 880 2442 humore
903 2374 974 2421 atro
990 2372 1147 2440 apparet,
1171 2373 1291 2441 corpus
1304 2351 1412 2422 ciliane
1426 2349 1492 2445 ell'e
1515 2367 1623 2423 veram·
1645 2358 1927 2428 continuationem

402 2451 609 2534 onomius,
631 2471 693 2519 nec
718 2446 972 2518 membranulam
1001 2448 1195 2537 peculiarem
1220 2449 1263 2517 ab
1288 2446 1342 2519 illa
1367 2470 1488 2520 tanturn
1512 2469 1615 2519 ortum
1642 2448 1706 2519 dici
1728 2447 1846 2538 'pollet
1872 2450 1927 2523 sed

403 2549 543 2618 accrevit
567 2547 601 2614 in
624 2544 798 2614 rotundum
819 2542 1026 2625 Scleroticae,
1053 2544 1106 2614 ubi
1132 2539 1167 2614 δι
1201 2544 1281 2630 lria;
1307 2568 1448 2636 cumque
1469 2545 1554 2637 jacet
1577 2544 1669 2637 supra
1692 2547 1863 2622 humorem
1881 2551 1928 2619 vi·

406 2663 511 2712 rreum
529 2640 726 2722 rotundum,
751 2639 797 2709 est
821 2642 917 2709 etiarn
933 2640 1103 2734 gibbosum
1119 2662 1306 2712 convexum
1328 2664 1453 2733 aparte
1468 2643 1580 2713 lridist
1603 2665 1783 2717 concavum
1799 2666 1817 2714 a
1835 2665 1928 2737 parta

409 2734 554 2808 humoris
579 2739 691 2806 vitrei,
845 2827 848 2832 Ι

458 2831 683 2903 Nihilominus
706 2835 747 2926 ab
773 2831 857 2904 Iride
875 2832 975 2922 'distat
1004 2831 1106 2923 spatio
1127 2831 1239 2919 brevi,
1267 2834 1358 2925 quod
1386 2838 1440 2908 vix
1463 2831 1627 2907 dimidiam
1650 2836 1767 2908 lineam
1783 2837 1928 2929 superat,

405 2949 550 3002 extrema
581 2948 701 3026 autem.
719 2929 860 3018 libera,
887 2931 1014 2998 cameri
1029 2931 1207 3021 posteriori
1231 2932 1377 3001 humoris
1400 2935 1495 3022 aquei
1524 2934 1565 3004 ab
1591 2933 1676 3003 Iride
1698 2932 1862 3024 sejuncta,
1885 2935 1930 3007 ad

406 3023 529 3097 lentem
553 3045 621 3095 uun
646 3023 747 3095 solum
771 3028 981 3120 pertingunt,
1007 3025 1058 3096 led
1081 3031 1181 3114 etiam
1200 3024 1285 3102 ultra
1293 3026 1367 3115 ejus
1381 3029 1542 3098 circulum
1551 3032 1727 3098 maximum
1744 3029 1928 3123 progrelliv,

405 3117 658 3198 &convexitati
684 3121 751 3213 ejus
775 3126 928 3191 anteriori
953 3125 1193 3204 incumbentia,
1216 3119 1297 3202 ⁴fune
1318 3120 1464 3218 pendulo
1474 3169 1500 3209 ,-
1511 3122 1635 3208 libero,
1661 3126 1934 3218 integro-ternia-

405 3240 521 3292 nuntur
534 3268 563 3303 „
580 3238 615 3289 ut
638 3239 768 3290 tenuem
791 3219 977 3310 annularem
998 3216 1126 3308 Zonam
1149 3216 1344 3287 constituant
1363 3266 1390 3303 ,-
1408 3238 1482 3307 quae
1507 3241 1576 3290 non
1594 3218 1773 3290 admodum
1793 3242 1927 3312 parvam

401 3336 525 3409 partem
550 3317 717 3387 anterioris
743 3316 836 3385 lentis
862 3316 999 3410 obtegit.
1561 3372 1565 3380 .

452 3454 483 3551 §.
508 3451 813 3524 MDCCCLVlll.
846 3455 1035 3521 Attanum
1066 3454 1107 3522 in
1129 3449 1328 3542 processibus
1355 3451 1516 3523 ciliarib'us
1543 3452 1622 3523 siant·
1647 3452 1750 3524 fibrae
1767 3439 1937 3528 muscula·¹

407 3553 482 3625 res?
507 3551 572 3619 hoc
598 3550 680 3618 olim·
699 3548 849 3616 offertum
872 3546 956 3631 luit,
982 3546 1036 3615 sed
1058 3567 1112 3615 eas
1134 3548 1206 3615 dati
1229 3569 1326 3639 negat
1349 3548 1406 3617 Cl.¹
1431 3546 1580 3617 blallerus
1606 3545 1640 3617 dt
1666 3550 1777 3618 Zinn:
1812 3567 1926 3642 quem·¹

405 3648 586 3718 admodum
611 3646 745 3732 quoque
769 3642 1011 3736 negatvideri,
1046 3640 1207 3711 confellus
1235 3660 1340 3711 tamen
1365 3642 1485 3711 debere
1508 3644 1641 3711 existere
1663 3645 1695 3712 in
1723 3642 1835 3714 Iridet
1868 3646 1924 3719 Cl.

407 3744 507 3814 Zinn-
520 3740 624 3810 all'etit
638 3737 702 3808 elie
719 3757 841 3808 tantum
857 3741 1041 3832 congeriem
1061 3736 1226 3822 vasorum,
1251 3740 1340 3808 renio
1355 3740 1470 3809 itinere
1484 3757 1525 3809 ex
1547 3736 1717 3810 Choroide
1731 3759 1926 3832 procurrent⁴

409 3860 500 3909 uum.

457 3936 521 4005 Sed
547 3956 587 4005 an
611 3933 800 4024 injeeiiones
825 3928 1000 4001 artificiosae
1014 3928 1159 4003 valorum
1177 3952 1246 4004 non
1266 3931 1459 4002 obnubilant
1472 3930 1567 4005 librar
1583 3951 1698 4004 tenues
1710 3933 1925 4027 musculares,

405 4033 433 4111 fi,
453 4032 503 4101 hae
523 4030 613 4101 forte
629 4028 757 4100 adfinrl
1539 4072 1543 4079 -

455 4166 485 4266 §.
508 4165 792 4243 DMCCCLIX.
819 4160 984 4240 Choroidi
1005 4167 1167 4258 utrimque
1193 4161 1327 4235 adlitum
1352 4156 1796 4257 est'pigmentumnigrnm,
1821 4151 1925 4234 nc&

344 4281 351 4290 “
406 4265 534 4358 corpori
558 4269 680 4340 ciliari:
706 4268 761 4337 ubi
777 4285 887 4336 autem
904 4285 1024 4353 corpus
1039 4263 1146 4333 ciliare
1161 4258 1461 4331 incumbit'humoti
1474 4260 1608 4349 vitreo,
1624 4257 1669 4325 ibi
1687 4261 1770 4328 inter
1789 4260 1926 4353 vitreum

405 4357 440 4434 tr
463 4367 664 4461 pigmentum
687 4363 815 4460 nigrum
831 4359 1016 4452 interpolita
1030 4358 1075 4430 eii
1090 4355 1311 4430 membranula
1325 4349 1517 4450 peculiaris,
1539 4374 1595 4427 aut
1608 4351 1729 4426 zonula
1743 4353 1926 4442 annularis,

405 4483 477 4551 quae
496 4465 535 4533 ab
559 4463 710 4534 anteriori
734 4480 824 4551 parte
848 4460 964 4528 tunicae
988 4457 1134 4528 humoris
1156 4455 1247 4527 vitrei
1264 4475 1359 4537 orta,
1396 4456 1480 4524 inter
1494 4452 1580 4523 illam
1598 4450 1632 4523 dt
1649 4458 1852 4547 pigmentum
1875 4451 1925 4526 ni.¹

405 4579 499 4651 grum
522 4562 670 4650 corporis
694 4557 809 4628 ciliaris
831 4554 1056 4651 progreditur,
1083 4549 1330 4623 &convexitati
1354 4552 1486 4622 demum
1503 4554 1655 4624 anteriori
1678 4549 1814 4641 capsula
1828 4548 1924 4623 lentis·

406 4651 488 4721 ultra
511 4654 666 4724 circulum
688 4655 862 4724 maximum
882 4649 1079 4733 immittitur,
1105 4672 1202 4741 quam
1216 4649 1370 4720 zonulam
1381 4645 1538 4720 laxiorem
1547 4647 1699 4742 'plurima
1713 4645 1924 4721 nunname-

406 4749 534 4831 viores,
560 4747 729 4834 fortiores,
742 4750 938 4840 pectinatim
961 4746 1119 4841 dispolltae
1141 4748 1184 4817 ab'
1208 4747 1346 4819 humore
1368 4749 1472 4819 vitreo
1493 4745 1534 4818 ad
1555 4743 1675 4818 lentem
1693 4766 1921 4840 excurrentes,

405 4859 467 4937 per
491 4841 654 4917 intervalla¹
674 4843 844 4941 stringunt:
866 4845 947 4950 ‘haec
969 4843 1018 4926 est¹
1034 4855 1151 4936 'corona
1173 4846 1320 4932 cidaris,
1353 4848 1406 4919 cui
1428 4841 1556 4936 corpus
1570 4843 1678 4922 ciliare
1700 4866 1768 4946 ope
1788 4845 1923 4945 glutinis

406 4945 536 5030 aenacis.
547 4944 681 5041 potina,
705 4962 898 5040 quamuera
912 4940 1125 5119 cellululiutce
1143 4943 1376 5042 agglutinatur,
1400 4940 1628 5040 sedfir'mii'er,
1665 5031 1668 5038 ¹

459 5123 461 5127 .
648 5061 652 5068 '
927 5063 929 5068 ·
1002 5055 1005 5063 “
1092 5131 1094 5133 ,
1133 5049 1226 5119 c'cc
1250 5061 1270 5115 c
1297 5060 1318 5138 3
