4992 6767
714 672 1435 787 DESONO.
1764 695 1849 799 '937'

322 873 441 991 pansos
463 867 557 962 supra
577 866 1089 1040 canttsiiumsemicitcbulariusmsslg,
1099 871 1140 957 P,
1148 871 1197 988 Q,
1218 878 1377 989 internam
1394 873 1614 968 superficiem,
1640 892 1738 966 atque
1756 880 1848 953 fimul

323 972 548 1145 {iiiiii}
564 984 779 1156 {ieiune
791 986 979 1134 sirini?
990 1061 1059 1134 fin
1082 969 1540 1158 misnensium&
1556 971 1637 1044 ‘⁰¹¹⁰
1663 975 1775 1046 “m

374 1161 526 1260 Quilibet
549 1179 658 1232 autem
680 1157 777 1234 sonus
801 1158 887 1233 aeris
908 1162 1052 1247 externi,
1085 1185 1173 1237 nunc
1196 1168 1229 1237 in
1253 1163 1321 1237 hoc
1344 1167 1423 1240 aere
1446 1163 1638 1256 Labyrinthi
1661 1173 1848 1258 excitatus,

324 1262 486 1346 inveniet,
513 1255 549 1332 δι
573 1255 691 1330 afficiet
706 1253 832 1347 aliquot
847 1255 1002 1342 fibrillas,
1029 1257 1080 1330 vel
1096 1261 1248 1334 neruulos
1271 1263 1393 1349 b,b,b,
1417 1261 1644 1354 harmonicus,
1668 1270 1725 1358 qui
1743 1271 1852 1340 tremi·

326 1361 415 1433 stent
438 1377 497 1451 per
522 1353 553 1453 ᾗ.
580 1353 694 1447 2265,
722 1349 757 1423 ἀ
784 1353 893 1426 2266.
918 1374 1015 1445 atque
1036 1353 1098 1428 hos
1127 1378 1236 1430 mutue
1260 1380 1320 1450 per
1341 1362 1511 1432 cerebrum
1533 1360 1575 1432 ad
1594 1383 1738 1436 mentem
1760 1363 1854 1436 dese·

328 1476 436 1530 rentes
459 1453 623 1538 efficiunt,
648 1469 685 1522 ut
704 1448 776 1522 haec
801 1449 968 1526 clariffime
991 1447 1026 1524 δι
1048 1451 1305 1552 distinetiffime,
1320 1476 1477 1550 quantum
1495 1456 1563 1530 fieri
1583 1460 1711 1551 potest,
1734 1460 1853 1537 Tenos

329 1553 466 1627 sonoros
487 1551 655 1645 percipiat.

380 1682 756 1784 §.Muccurum
782 1684 954 1802 organum
977 1686 1106 1760 auditur
1133 1689 1166 1759 in
1189 1688 1381 1762 animalibus
1403 1689 1512 1762 differt
1534 1685 1742 1774 admodum,
1775 1710 1858 1763 non·

330 1785 428 1857 nullia
454 1805 530 1857 aure
554 1803 686 1857 externa
708 1779 864 1856 destimtu
893 1784 963 1857 sunt
986 1785 1137 1869 officula,
1162 1784 1217 1854 sed
1242 1785 1357 1856 absunt
1372 1787 1499 1858 canales
1515 1785 1783 1873 semicirculares,
1810 1789 1859 1860 uti

331 1883 379 1954 est
399 1880 539 1974 Vipera,
566 1881 735 1976 Coluber,
761 1881 897 1974 aliaeque
918 1880 1118 1972 Serpentes:
1151 1880 1221 1951 aliis
1247 1879 1320 1952 sunt
1343 1879 1497 1968 officula,
1529 1882 1584 1951 sed
1611 1878 1681 1952 haec
1708 1880 1780 1956 sunt
1807 1885 1862 1973 inq

334 1977 450 2050 strum
475 1978 640 2053 canalibus
661 1976 970 2063 semicircularibus,
993 1982 1041 2049 uti
1055 1976 1284 2062 Salamandta,
1311 1974 1415 2067 Raya.
1797 1996 1801 2010 ·

384 2074 566 2166 Reprilium
590 2089 750 2172 organum
773 2076 954 2149 meminere
976 2077 1080 2167 coepit
1102 2073 1158 2145 Cl.
1185 2069 1379 2163 Geoffroy;
1410 2072 1465 2145 sed
1485 2092 1569 2166 opus
1591 2071 1784 2148 immensum
1804 2076 1876 2148 hic·-

337 2171 561 2245 exanrlandum
582 2171 723 2267 restat(
762 2172 796 2266 ).

339 2901 341 2906 ,
410 2811 650 2903 entur
699 2771 1391 2932 Qununncu'smtunt
1447 2810 1766 2926 ratmunt·

769 3096 975 3182 Generalia
1001 3100 1048 3179 de
1074 3095 1262 3181 Maeotis
1288 3093 1441 3183 Ai'rrr‘r.

337 3411 369 3512 ς.
393 3402 727 3483 MMCCLXXXIL
862 3416 969 3476 creora
990 3397 1147 3474 tucamur
1160 3401 1273 3473 omnia
1285 3419 1426 3493 corpora
1442 3399 1608 3486 sublimia,
1623 3403 1708 3475 inter
1722 3401 1868 3494 coelum,

895 3515 1080 3582 terramque
1108 3498 1291 3579 versantia,
1323 3519 1398 3585 quae
1426 3500 1460 3566 in
1487 3501 1702 3590 atmosphaera
1728 3501 1867 3573 terrestri

341 3600 518 3692 suspensa,
551 3600 720 3675 natantia,
750 3610 859 3671 muta,
892 3587 1072 3679 propulsa,
1103 3586 1270 3673 lucentia,
1303 3589 1453 3676 incensa,
1478 3591 1642 3680 explosa,
1668 3593 1870 3682 conjunctu,

340 3700 501 3792 separata,
525 3690 783 3784 adscendentia,
809 3685 863 3759 vel
887 3684 1142 3771 descendentia,
1175 3684 1398 3780 phaenomena
1418 3686 1655 3780 qualiacunque
1678 3691 1832 3761 excitant.

399 3821 431 3920 ᾗ.
464 3813 818 3892 MMCCLXXXIII.
851 3810 997 3907 Μιτίυμ
1027 3814 1239 3902 componitur
1268 3831 1310 3883 ert
1343 3809 1435 3897 μιτὲ
1460 3812 1496 3886 δι
1522 3809 1597 3906 iaia
1622 3815 1715 3907 quod
1736 3820 1869 3906 ponitur

343 3943 406 4017 pro
430 3915 565 4011 droia,
594 3918 637 3988 ab
661 3921 769 4008 dispe,
795 3909 908 3994 tolio,
942 3912 1019 4002 quia
1039 3907 1111 3979 haec
1134 3906 1206 3981 sunt
1226 3907 1362 4005 [reblata
1383 3915 1573 4006 inauras,
1606 3911 1687 3984 ideo¹
1708 3913 1870 3988 Sublimia

347 4020 443 4090 dicta.
502 4014 626 4086 Seneca
648 4029 746 4085 vocat
766 4012 851 4080 inter
874 4006 996 4080 coelum
1020 4025 1204 4098 terramque
1234 4008 1403 4080 versantia:
1429 4031 1547 4105 magna
1568 4029 1642 4099 pars
1658 4013 1869 4101 antiquorum

345 4116 510 4205 Merarſsa
533 4109 724 4204 appellavit:
747 4104 803 4178 alii
825 4104 1057 4190 distinxerunt,
1082 4121 1237 4176 vocantes
1262 4104 1438 4190 Meteora,
1462 4105 1630 4198 quaesunt
1655 4109 1688 4176 in
1704 4106 1794 4178 coelo
1821 4107 1871 4196 sy.

343 4213 443 4283 derat
471 4208 525 4280 sed
546 4207 709 4292 metarfia,
733 4224 873 4290 ventos,
893 4203 1064 4294 nubesque
1088 4198 1156 4271 &c
1180 4202 1221 4270 ab
1245 4200 1440 4291 Aristotele,
1464 4195 1547 4276 ude„
1572 4202 1756 4294 Pafflones,
1780 4202 1869 4293 quasi

341 4309 483 4380 materiae
507 4307 684 4378 sublunaris
705 4299 991 4375 affestionest-aiii
1014 4317 1134 4371 vocant
1157 4299 1391 4394 Impreffiones,
1424 4300 1516 4395 quod
1537 4322 1557 4372 a
1578 4300 1666 4372 coelo
1690 4299 1870 4376 elemento·

344 4426 416 4478 rum
439 4406 581 4474 materiae
605 4404 747 4495 imprimi
771 4417 948 4493 putentur,
973 4417 1047 4496 tunt·
1067 4397 1162 4493 missa
1179 4396 1387 4493 imprrfetia,
1412 4397 1504 4490 quod
1526 4419 1594 4470 non
1619 4417 1661 4468 ex
1681 4416 1821 4488 quatuor
1834 4416 1869 4468 e-

348 4503 526 4587 lementis,
570 4498 626 4571 sed
643 4499 711 4571 sere
731 4518 773 4570 ex
793 4520 862 4571 uno
882 4517 959 4569 eum
982 4498 1162 4594 peregrinis
1185 4497 1379 4588 quibusdam
1404 4495 1609 4591 qualitatibus
1630 4493 1788 4590 adjunctis
1808 4497 1870 4568 mi·

349 4596 429 4669 sceti
448 4615 486 4665 ea
510 4614 637 4689 putent.
685 4596 842 4694 Ostenta,
866 4598 943 4690 quia
964 4614 1080 4692 magna
1096 4615 1138 4668 err
1154 4595 1382 4688 partemirnos
1397 4595 1860 4791 perssenffissCLXXXN

427 4884 485 4968 (a)
504 4888 669 4955 Menates
689 4888 856 4970 presentem
875 4893 966 4958 Tam.
981 4904 1011 4957 2,
1031 4907 1100 4975 μς.
1119 4898 1186 4968 164·

1171 4993 1241 5072 Dd
1265 4994 1320 5070 dd
1344 4993 1400 5072 di
