4992 6767
793 678 933 770 DE
1086 681 1542 780 Idolum.
1780 696 1871 794 nno

361 849 368 858 ⁵
443 883 562 966 MDL.
597 881 635 956 ln
658 876 904 994 Vegetslsilium
935 878 1081 992 examine
1099 881 1227 952 miram
1258 881 1356 952 etiam
1389 879 1512 955 offendi
1542 886 1750 974 vadentem,
1785 891 1864 969 suut

330 991 425 1104 ,nim-
441 984 587 1098 quaedafn
613 975 839 1091 Vegetabrlra,
864 995 939 1066 quae
961 974 1043 1143 lgnp)
1056 977 1590 1151 expontnccgfflunffissinnon
1611 985 1861 1158 ipppmescupt,

326 1089 425 1354 g?
438 1084 526 1252 {pipp
542 1071 959 1273 {lgguesicquuseffmssiseffirss
974 1096 1223 1244 ’viriduenrusll'aec
1254 1127 1372 1245 omnia,
1393 1197 1412 1246 a
1437 1176 1501 1249 leui
1523 1103 1658 1252 ignoto
1672 1103 1763 1278 lige,
1776 1110 1853 1277 possi

481 1297 609 1351 moram
631 1271 894 1354 contrahuntur,
931 1270 1007 1358 quia
1027 1267 1146 1340 humor
1167 1272 1205 1340 in
1232 1274 1373 1361 partium
1397 1277 1556 1348 meatibus
1576 1277 1768 1353 delitescens
1793 1304 1851 1355 err·

323 1378 482 1470 pellimr,
514 1373 606 1468 quod
630 1391 704 1448 noa·
722 1367 872 1440 celeriter
895 1365 956 1452 fit,
990 1365 1111 1439 humor
1134 1384 1242 1438 autem
1269 1367 1323 1438 ille
1353 1370 1441 1467 ligna
1463 1373 1616 1464 quaelibet
1640 1378 1857 1455 rarefeceratr:

326 1475 496 1564 Adeoque
518 1469 688 1563 inquibus
712 1466 811 1563 lignis
836 1484 902 1535 non
928 1462 1008 1533 inest
1033 1463 1164 1549 resma,
1202 1462 1256 1534 sed
1281 1485 1405 1539 motum
1434 1468 1580 1557 humor,
1613 1473 1684 1544 haec
1705 1477 1746 1546 ab
1771 1480 1857 1573 igne

325 1572 410 1654 fiunt
433 1572 592 1642 breviora.
642 1566 708 1639 Sed
734 1564 805 1636 sunt
825 1561 885 1633 nlla
907 1560 1013 1660 ligna,
1038 1564 1156 1652 qulbus
1172 1561 1274 1632 resina
1295 1564 1394 1652 inell,
1419 1565 1510 1653 haec,
1534 1568 1613 1642 dum
1634 1572 1677 1641 ab
1701 1575 1777 1668 igne
1795 1595 1846 1646 re·

325 1665 471 1740 funditur
494 1665 615 1751 resina,
639 1669 672 1736 in
696 1661 860 1756 principio
880 1656 1053 1742 rerefiunt‚
1078 1657 1228 1730 evolante
1249 1661 1376 1734 interim
1402 1661 1540 1736 humore
1565 1663 1773 1740 &effluente
1797 1692 1850 1742 re·

328 1765 397 1838 sml
417 1764 673 1838 conuahuutur:
694 1764 739 1831 ita
764 1757 810 1829 est
836 1756 961 1853 lignum
987 1753 1112 1841 Piceae,
1137 1753 1280 1924 Liffum
1297 1756 1484 1848 Brafilium,
1510 1762 1725 1860 Mahognny,
1756 1766 1855 1840 Caro

325 1841 461 1978 sguira:
487 1863 570 1934 Sunt
593 1860 699 1958 Ligna
725 1857 931 1950 quibusnon
954 1852 1034 1923 inest
1058 1853 1158 1924 tedna
1236 1855 1289 1923 vix
1314 1851 1459 1941 humor,
1490 1861 1536 1929 uti
1569 1860 1616 1931 est
1638 1860 1853 1960 Variegatum-

325 1959 484 2056 virginiae
505 1959 567 2029 sure
586 1958 783 2037 litterarum,
810 1947 1038 2044 &Ebelinum
1064 1949 1155 2040 quod
1184 1970 1291 2022 tamen
1324 1951 1370 2023 est
1394 1952 1552 2025 oleosum.
1603 1956 1681 2029 Hoc
1704 1962 1745 2031 ab
1769 1964 1851 2057 igne

329 2080 408 2127 roo.
435 2054 468 2127 dc
500 2077 577 2126 110.
602 2056 765 2154 graduum.
782 2054 814 2121 in
839 2046 931 2119 Scala
959 2045 1187 2138 Falrrenheytii
1211 2068 1385 2140 perparum
1408 2054 1621 2144 expanditur,
1645 2054 1847 2153 frigescens,

324 2147 358 2225 iri
382 2157 524 2247 priorem
548 2154 737 2225 brevitatem·
761 2147 863 2220 redit:
890 2144 961 2214 sunt
984 2143 1035 2214 hae
1055 2144 1267 2236 expanfiones
1296 2142 1592 2222 &contractiones
1615 2152 1721 2225 multo
1739 2158 1848 2227 mino·

324 2241 491 2346 res-utum
513 2253 547 2320 in
574 2241 720 2320 Metaris
745 2265 801 2317 aut
824 2247 861 2338 irr¹
882 2240 1011 2312 Ferro:
1036 2242 1113 2311 ideo
1135 2239 1219 2310 forte
1250 2243 1392 2331 pendula
1421 2241 1670 2343 horologiorum
1695 2271 1735 2320 ex
1757 2253 1851 2347 ligno

322 2341 506 2418 ebeuo'sel
531 2339 709 2416 litterarum
734 2340 904 2422 consecra,
928 2337 1113 2426 praestarent
1135 2336 1299 2427 chalybeis
1323 2359 1378 2409 aut
1397 2346 1517 2435 aeneis,
1542 2345 1716 2433 prasertim
1741 2348 1764 2416 st
1788 2350 1848 2417 ob·

320 2444 496 2516 liirerentur
516 2445 647 2514 vernice
673 2439 736 2509 srve
758 2443 939 2506 atramento
963 2453 1003 2502 ex
1021 2433 1242 2518 sandaracha,
1267 2432 1402 2523 Thure,
1430 2438 1562 2510 Elemni
1579 2445 1613 2512 in
1628 2442 1751 2534 Spiritu
1768 2441 1854 2514 Vini'

325 2535 436 2612 solutis
452 2592 462 2624 ,
477 2537 627 2610 adversus
641 2536 789 2605 humoris
803 2534 888 2604 a'e'rei
903 2533 1086 2601 introitum:
1112 2528 1257 2626 Quando
1272 2552 1379 2603 autem
1395 2536 1522 2607 incensa
1535 2537 1648 2609 ardent
1662 2539 1749 2636 ligna
1765 2540 1849 2610 mul·

323 2652 393 2706 tum
413 2629 669 2711 contraduntur,
687 2627 738 2699 ἃ·
755 2628 854 2696 index
874 2628 1051 2715 pyrometri
1074 2626 1246 2714 aliquoties
1267 2632 1300 2697 in
1326 2632 1524 2716 rotundum,
1548 2656 1666 2730 magna
1687 2638 1764 2707 'cum
1794 2659 1848 2708 ce.

324 2732 450 2802 latitate
473 2734 622 2800 vertitur:
650 2724 736 2797 Nam
761 2722 841 2793 Nux
865 2720 1028 2792 contradis
1051 2717 1110 2789 fuit
1138 2741 1218 2809 244.
1246 2723 1335 2815 grad.
1385 2725 1512 2797 Pronus
1542 2731 1645 2819 1385.
1670 2753 1718 2826 gr.
1734 2734 1853 2804 Burrus

329 2830 434 2898 aruo.
458 2847 508 2920 gr.
535 2823 625 2894 Caro
651 2826 769 2909 equina
790 2837 879 2908 900.·
897 2839 948 2913 gr.
1136 2829 1140 2848 ²
1215 2857 1217 2862 ·
1254 2841 1263 2858 ·

370 2921 543 2994 Sober.ab
565 2922 642 3014 igne
670 2914 879 2996 uehementer
900 2917 1108 2996 intumescit,
1132 2914 1282 2984 avolante
1304 2918 1381 3010 igne
1402 2918 1571 3002 densatur,
1596 2924 1730 3012 quando
1743 2945 1853 2996 autem

323 3039 493 3111 tantopere
517 3013 711 3099 incalescit,
746 3032 782 3084 ιιι
805 3010 937 3093 ardeat,
960 3009 1169 3080 vehementer
1201 3014 1352 3094 rarescit,
1377 3013 1462 3084 adeo
1486 3036 1521 3084 ut
1543 3018 1641 3088 index
1662 3021 1743 3089 ultra
1770 3023 1853 3091 duo·

321 3119 429 3190 decim
449 3135 548 3211 gyros
572 3110 736 3202 perficiat,
761 3127 897 3197 tumque
920 3105 1014 3176 luber
1036 3108 1168 3177 vertitur
1191 3108 1230 3175 io
1242 3109 1372 3200 nigrum
1389 3106 1427 3177 ec
1440 3112 1619 3182 admodum
1640 3115 1851 3188 tumefadlum

324 3217 512 3288 carbonem.
563 3209 677 3292 Praeivi
700 3224 853 3290 tantum,
872 3224 948 3284 nam
971 3206 1081 3282 ornnia
1105 3203 1296 3297 vegetabilis
1312 3204 1376 3274 hoc
1392 3210 1490 3295 palio
1504 3208 1576 3279 sunt
1599 3213 1823 3284 examinanda.

338 3391 344 3400 -
370 3339 401 3438 5.
426 3335 565 3411 MDLl.
592 3317 838 3409 Observandum
855 3329 1011 3422 quoque}
1027 3327 1132 3425 Ligna
1144 3327 1322 3420 quaedam,
1348 3351 1422 3420 quae
1442 3354 1460 3401 a
1478 3330 1612 3404 modico
1630 3333 1753 3433 frigore
1768 3355 1851 3409 con·

325 3440 520 3520 trahuntur,
554 3439 587 3504 in
617 3435 728 3525 aspero
749 3430 826 3528 gelu
850 3429 952 3519 pofita
972 3427 1123 3507 dilatari,
1155 3445 1291 3494 notante
1315 3425 1428 3498 Celfio
1454 3428 1553 3523 (a>.'
1594 3429 1684 3503 Cum
1707 3437 1851 3506 enimin

324 3538 451 3622 camerti
476 3529 627 3623 calefaili
650 3532 738 3625 ligna
759 3525 951 3615 sequentia,
984 3521 1037 3592 lert
1059 3523 1161 3612 pedes
1190 3520 1290 3615 longa
1313 3524 1546 3597 mensuraverat
1565 3551 1577 3611 ς
1602 3530 1770 3619 esposuit
1794 3532 1852 3602 sub

325 3637 391 3706 dio
408 3631 541 3726 gelante¹
560 3624 607 3709 δι,
618 3627 762 3720 frigente
782 3620 884 3715 gradu
904 3623 1012 3710 primo
1036 3619 1073 3687 in·
1088 3616 1183 3687 Scala·
1196 3611 1387 3692 Thermom.
1409 3619 1758 3715 Fahrenheytii'spario
1772 3648 1852 3717 qua·

325 3752 403 3802 tuor
422 3728 570 3808 dierum3
604 3717 725 3796 eadem¹
745 3716 864 3788 deinde
887 3718 920 3796 jn
943 3715 1086 3804 priorem
1120 3711 1224 3782 delata
1249 3734 1407 3786 cameram
1433 3715 1561 3807 aliquot
1583 3723 1728 3812 partibus
1749 3722 1853 3797 mille.

324 3828 413 3898 fimis
435 3824 529 3895 linea
550 3820 681 3892 dilatata
709 3815 854 3888 invenit:
872 3810 1175 3904 -Quodoonrigit,
1208 3812 1284 3906 quia
1306 3809 1461 3883 humores
1479 3820 1606 3907 aquei,
1630 3820 1665 3889 in
1687 3818 1853 3915 lignorum

325 3921 512 4003 canaliculis
539 3918 789 4002 delitescentes,
820 3909 1014 4004 inglusiem
1045 3906 1122 3977 verli
1159 3905 1259 3990 sunta
1293 3928 1434 3996 quaeum
1460 3930 1523 3982 una
1549 3918 1790 4004 intumuerunt,
1816 3914 1852 3990 dt

327 4023 402 4092 ideo
428 4017 536 4108 major
551 4016 585 4084 iu
607 4012 704 4108 lignis
726 4006 973 4088 inmmescentia
996 4024 1014 4072 a
1037 4004 1141 4098 glaeie
1164 4005 1304 4076 excitata
1334 4003 1422 4091 luit,
1453 4012 1853 4106 quam-ligneamrnpar-

328 4111 615 4202 nomenmodo
637 4105 824 4208 airigores
855 4099 964 4196 Ligna
985 4100 1153 4190 explorata
1177 4098 1249 4172 suut
1274 4098 1400 4190 picea,
1434 4101 1567 4191 Pinus,
1587 4107 1714 4196 Alnus,
1738 4110 1853 4205 Popu-

328 4216 403 4299 lus,
423 4210 553 4306 Pagus,
577 4205 769 4288 Fraxinru',
792 4203 902 4284 Acer,
929 4195 1087 4281 Cerasus,
1113 4194 1235 4274 Malus·

342 4367 406 4469 “pa
431 4345 588 4440 oduini
611 4345 832 4461 Quacumque
857 4355 1175 4450 erploutaiuerunt
1199 4354 1323 4444 liuida,
1363 4360 1408 4431 uti
1437 4361 1534 4448 Aer,
1558 4357 1667 4457 ‘Aqua
1695 4362 1752 4437 vul
1809 4369 1852 4456 ‘',

327 4474 433 4561 Aquae
452 4466 655 4548 Plantarum,
680 4468 778 4552 Aqua
800 4458 951 4539 Mariua,
984 4453 1194 4543 Hydromel‚
1221 4453 1365 4539 Vinum,
1398 4457 1567 4547 Acetum,
1594 4463 1730 4553 Spiritus
1785 4463 1851 4553 ini',

327 4557 808 4651 OlenPlairrannmespteila,
826 4555 912 4635 Olea
936 4553 1102 4639 llillatitia,
1127 4550 1214 4623 Olea
1225 4551 1414 4642 Naturalia,
1430 4560 1476 4628 uti
1496 4558 1702 4650 Petroleum,
1728 4559 1860 4637 oleum.-

320 4661 625 4751 -Terraesspiritu's
647 4658 731 4728 acidi
751 4652 787 4728 ds
805 4653 939 4726 'alcaliei
961 4649 1080 4741 Saliui,
1108 4649 1246 4743 Spiritus
1277 4650 1409 4743 Urioae,
1445 4655 1583 4750 spritu
1607 4656 1688 4737 Selia
1712 4661 1854 4734 Ammo·

326 4785 437 4836 ;:··=·
478 4781 645 4826 »ιιι-τ’
1616 4791 1622 4802 ·
1749 4780 1861 4846 nracr,

328 4905 332 4913 Ι
400 4876 1047 5040 solemniore-nunsulrlmeusaur.
1067 4960 1207 5137 uzka.
1247 4973 1254 4980 ·
1326 4883 1329 4890 Ι
1376 4953 1400 5064 ὲ

1159 5062 1303 5158 1ι1ι1ι3
1425 5153 1433 5166 .
