4992 6767
557 677 668 760 '1006
797 659 906 748 on
963 640 1454 742 murnonrs
1511 627 1875 748 nonnis

560 875 831 956 erenolnndiei,
864 869 921 942 nisr
955 885 1030 938 curn
1053 861 1207 932 urceatim
1232 855 1352 926 imbres
1374 847 1582 960 deeiderint,
1614 867 1756 960 quorum
1780 869 1882 945 gnrtae
1905 849 2023 944 pollici
2049 878 2094 930 κ,

560 979 671 1070 quales
692 973 755 1044 elle
783 987 948 1042 narrantur
974 959 1076 1056 (a):
1103 956 1247 1048 pendent
1269 953 1340 1021 lraec
1362 969 1381 1016 a
1405 967 1437 1015 vt
1459 945 1637 1015 attrahente
1658 965 1799 1036 paruum
1822 950 1856 1020 in
1881 971 1991 1044 aqua,
2020 975 2094 1030 tum

561 1099 580 1148 a
604 1074 775 1146 rellstenria
795 1070 876 1138 airis
902 1060 1014 1153 majori
1035 1058 1214 1134 minorive,
1240 1064 1419 1140 perquem
1442 1042 1604 1114 labuntur.

611 1201 642 1300 ς.
669 1184 1018 1268 lllblCCCLXXlll.
1044 1182 1116 1251 Cur
1136 1179 1243 1269 pluvia
1266 1171 1370 1242 modo
1395 1169 1514 1256 densa,
1539 1171 1768 1244 moderata?
1800 1197 1841 1248 an
1872 1183 2013 1254 nonest
2039 1207 2095 1256 ra.

560 1323 617 1378 m,
642 1296 773 1388 qnando
798 1292 885 1360 lente
911 1303 1032 1352 tanturn
1060 1277 1164 1348 nubes
1189 1271 1433 1364 compingitur:
1468 1288 1517 1340 2⁰.
1543 1289 1614 1338 tum
1639 1273 1774 1358 quando
1807 1275 1874 1365 ipsa
1899 1278 2003 1350 nubes
2033 1303 2091 1374 pa.

560 1420 632 1472 rurn
658 1392 752 1463 denia
778 1387 834 1454 eil.
864 1403 912 1472 30.
939 1375 1071 1468 quando
1097 1373 1200 1442 nubes
1223 1389 1328 1460 parvae
1351 1363 1495 1437 emilltiei
1525 1365 1629 1435 modo
1653 1365 1730 1454 eii,
1766 1389 1835 1440 tunr
1865 1377 1953 1444 enim
1981 1397 2092 1468 parete

561 1514 668 1586 partes
694 1493 724 1555 in
751 1485 780 1552 se
804 1479 950 1548 deciduae
976 1472 1079 1542 modo
1103 1470 1178 1538 irinc
1200 1466 1277 1536 inde
1299 1484 1405 1560 guttas
1429 1461 1628 1534 formabunt.
1676 1461 1788 1538 Densa
1819 1468 1928 1558 pluvia
1949 1495 1990 1545 an
2017 1497 2089 1550 non

561 1590 718 1659 formatur
740 1583 772 1648 in
797 1577 964 1652 nubibus,
998 1591 1071 1660 quae
1096 1567 1242 1636 celeriter
1264 1585 1282 1632 a
1313 1580 1412 1632 vento
1440 1563 1678 1650 comprimente
1708 1567 1742 1630 in
1774 1585 1881 1658 guttas
1909 1589 2089 1645 vertuntur.

564 1703 615 1756 20.
652 1700 719 1750 tum
749 1672 880 1766 quando
915 1669 1017 1740 nubes
1048 1663 1167 1736 fuerint
1192 1659 1310 1732 dense.
1346 1675 1399 1750 3⁰.
1429 1651 1465 1728 dt
1498 1657 1631 1750 quando
1662 1656 1767 1730 nubes
1793 1681 1920 1760 magnae
1944 1665 2091 1742 crnffitiei

561 1779 690 1852 suerint.

613 1903 644 2004 ς.
671 1894 1020 1975 MMCCCLXXIV.
1047 1896 1120 1966 Cur
1140 1887 1247 1962 aestate
1263 1907 1363 1984 guttae
1387 1879 1598 1979 majores,&
1620 1905 1720 1968 rarae,
1744 1883 1863 1976 hyeme
1876 1891 2034 1980 minores,
2052 1891 2090 1966 dt

561 2003 692 2076 densae?
719 2005 773 2070 An
800 1999 869 2067 haec
898 2019 964 2067 non
987 1995 1131 2084 pendent
1155 1991 1172 2058 i
1197 1984 1318 2057 diversa
1339 1987 1443 2068 airis,
1467 2001 1642 2076 perquem
1662 1981 1838 2072 decidunt,
1863 1986 2035 2078 dealitate,
2051 1989 2091 2064 dt

562 2101 753 2175 refistentia,
779 2095 960 2164 minoribus
990 2093 1108 2168 tellure,
1126 2107 1223 2175 quam
1241 2083 1380 2168 hyeme?

611 2225 642 2318 q.
669 2213 1002 2294 n‘lnlccctmxv.
1036 2210 1194 2306 Quamvis
1216 2229 1256 2276 ex
1281 2207 1361 2278 altis'
1374 2210 1516 2280 nubibus
1538 2205 1645 2296 pluvia
1670 2207 1861 2296 delabente,
1890 2235 1961 2285 non
1994 2233 2089 2292 tanta

561 2323 752 2400 velocitate,
778 2335 815 2384 ac
838 2335 878 2382 ex
906 2311 979 2406 lege
1003 2312 1164 2404 gravitatis
1189 2309 1404 2394 sequeretur,
1434 2307 1476 2376 ad
1506 2323 1621 2373 terram
1643 2307 1816 2392 pervenit,
1847 2327 1982 2398 propter
2001 2317 2088 2385 airis

562 2417 791 2496 resrl'tentiam,
819 2411 871 2479 sed
895 2409 999 2478 multo
1024 2407 1155 2476 minori.
1196 2401 1270 2471 Hac
1293 2406 1411 2498 exigua
1433 2402 1604 2474 velocitate
1626 2403 1760 2484 evenit,
1785 2419 1822 2474 ut
1846 2423 1866 2474 a
1890 2407 1990 2500 guttis
2015 2409 2089 2500 plu-

561 2519 622 2590 uiae
648 2533 765 2583 tenerae
789 2507 967 2598 plantarunt
993 2523 1098 2594 partes
1125 2523 1192 2572 non
1216 2499 1395 2584 laedantur,
1420 2521 1493 2590 quae
1514 2498 1706 2587 ceteroquin
1730 2495 1987 2574 destruerentur:
2010 2527 2086 2577 nam

561 2661 655 2736 Nob.
675 2657 764 2730 Pitot
787 2652 1034 2736 demonstravit,
1059 2672 1152 2742 aquae
1177 2666 1324 2744 guttam,
1349 2670 1425 2740 quae
1447 2647 1494 2718 est
1520 2609 1768 2794 &00:6⁰5
1791 2649 2087 2742 parspollicisCu·

561 2859 659 2944 biti,
690 2851 808 2947 lapsam
833 2853 867 2924 in
896 2852 971 2923 aere
997 2851 1111 2942 quieto
1132 2869 1319 2941 percurrere
1343 2847 1480 2942 pollices
1506 2815 1602 2960 43}
1626 2871 1777 2942 tempore
1804 2871 1820 2921 r
1845 2843 1919 2936 m'⁸‚
1949 2873 2088 2946 eamque

561 3027 655 3080 motu
677 3002 849 3084 uniformi,
874 3022 941 3070 non
966 2997 1147 3067 accelerato
1174 2999 1240 3070 labi
1266 2999 1348 3094 (b).

613 3129 646 3226 q.
672 3121 1023 3196 ntmcchxxvl.
1051 3121 1122 3191 Cur
1148 3125 1251 3193 modo
1276 3127 1478 3215 vaporibus,
1510 3145 1581 3196 non
1609 3143 1664 3194 aut
1695 3119 1844 3196 rariffime
1871 3123 2088 3197 exhalationi-

563 3233 625 3299 bus
648 3221 760 3312 pluit?
796 3221 850 3288 An
876 3241 942 3286 non
972 3220 1047 3306 quia
1071 3241 1206 3306 vapores
1232 3221 1474 3292 exhalationum
1497 3225 1624 3312 copiam
1646 3223 1782 3290 multum
1806 3221 1996 3292 excedunt:
2029 3245 2085 3292 va·

562 3341 662 3488 gotes
671 3321 712 3480 gn
738 3335 855 3426 guttas·
870 3312 1022 3478 laeilgrne
1050 3313 1140 3480 qoire
1165 3315 1293 3404 poliunt
1308 3371 1335 3483 ,ί
1353 3319 1484 3402 delapso
1511 3320 1737 3410 permiscentur
1758 3337 1834 3386 cum
1865 3316 2081 3389 exhalationi-

590 3441 644 3488 us:
694 3435 721 3480 ae
745 3431 823 3479 vero
846 3431 940 3480 rneen
967 3433 1003 3478 ns
1030 3432 1222 3500 perumque
1247 3437 1312 3485 con
1329 3437 1494 3487 emuntur.

616 3528 647 3628 ᾗ.
676 3527 1039 3600 NIMCCCLXXVH.
1067 3530 1104 3598 ln
1124 3532 1239 3626 Belgio
1264 3533 1440 3606 Foederato
1461 3535 1569 3626 pluvia
1592 3551 1798 3623 nequaquam
1813 3535 1977 3622 aliquibus
1999 3533 2090 3608 {latis

566 3631 791 3720 temporibus,
818 3625 870 3696 led
894 3625 1070 3696 admodum
1099 3629 1315 3720 irregulariter
1336 3634 1437 3702 cadit:
1464 3633 1623 3722 quantims
1644 3629 1762 3720 pluvia
1782 3629 1893 3700 multis
1913 3633 2007 3701 annis
2020 3633 2090 3704 col·

565 3731 671 3808 tetta,
696 3729 730 3794 in
754 3745 850 3792 unam
873 3722 1028 3791 summam
1053 3723 1181 3806 addita,
1207 3727 1316 3796 lraeea
1340 3749 1478 3800 numero
1501 3747 1661 3799 annorum
1682 3725 1780 3796 divisa
1802 3728 1858 3796 dar
1880 3727 1916 3798 in
1936 3731 2090 3816 quotien-

568 3847 601 3898 te
626 3841 793 3890 nurnerurn
817 3819 955 3906 aliquem
981 3819 1149 3888 medium:
1183 3845 1258 3912 quae
1280 3821 1388 3896 differt
1409 3831 1443 3896 in
1467 3829 1561 3898 variis
1587 3825 1803 3918 regionibus,
1834 3819 1871 3894 ἀ
1897 3827 2033 3896 urbibus
2054 3847 2090 3898 o-

567 3919 694 4014 jusdem
728 3917 895 4008 regionis:
929 3935 1004 3984 nam
1035 3913 1201 4007 Ultrajedti
1232 3919 1339 3990 media
1369 3923 1508 3994 altitudo
1539 3923 1659 4013 pluvie
1688 3921 1734 3992 est
1762 3943 1809 4008 24
1833 3921 1915 4012 poll.
1941 3919 2088 3996 Rhenol.

568 4063 693 4154 Leydae
721 4028 830 4190 29-33.
859 4059 1004 4134 Harlemi
1029 4087 1074 4154 24
1099 4063 1179 4155 poll.
1205 4065 1309 4164 Hagae
1334 4067 1477 4139 Comitis
1503 4087 1549 4162 27
1560 4036 1614 4182 -ζ-
1648 4068 1728 4162 poll.
1760 4059 1868 4140 Delfis
1899 4088 1945 4162 27
1975 4067 2088 4159 poilic.

575 4211 739 4284 Dordraci
766 4231 813 4300 40
840 4209 920 4298 poll.
954 4209 1168 4308 illedioburgi
1200 4219 1234 4286 in
1265 4215 1440 4288 Zeelandia
1467 4237 1513 4310 33
1539 4219 1622 4308 poll,
1646 4217 1804 4288 Zirrltzeae
1829 4217 1978 4310 27p011.
2006 4215 2093 4288 Har·

572 4311 714 4382 derouici
742 4327 786 4399 27
811 4306 892 4400 poll.
919 4311 952 4378 in
977 4307 1089 4378 lnsulis
1115 4311 1273 4386 Flandriae
1301 4339 1347 4406 24
1373 4315 1453 4406 poll.
1480 4315 1604 4386 Pariiiis
1630 4337 1676 4386 oo
1699 4315 1782 4406 poli.
1815 4313 1907 4388 tunt
1933 4311 2093 4409 Lugduni

579 4475 636 4549 37·
662 4455 781 4528 Romae
810 4477 867 4525 20·
901 4425 1166 4570 Patavl137··}.
1201 4461 1279 4580 Pifir
1307 4431 1425 4574 34ξ.
1460 4463 1610 4562 Tigurini
1637 4465 1674 4538 in
1705 4461 1858 4539 Helvetia
1890 4481 1949 4558 32.
1985 4461 2097 4536 Ulmae

1312 4645 1318 4656 “
1990 4625 2091 4772 ab}

580 4815 598 4838 '⁵
651 4831 710 4910 (a)
729 4833 789 4928 All:
805 4836 879 4914 Lips.
905 4837 1053 4916 supplem.
1075 4848 1163 4908 Tem.
1183 4864 1207 4909 r.
1231 4867 1297 4926 pag.
1312 4866 1379 4926 μς.

647 4914 709 4991 (b)
726 4913 826 4978 l'ldrll.
848 4917 885 4977 de
902 4917 1015 4983 l'Acad.
1036 4925 1115 5000 non.
1139 4929 1192 4988 Δο.
1210 4933 1297 5004 1728·
1317 4949 1384 5011 pag.
1401 4933 1470 5008 376.
