4992 6767
568 681 653 786 892
960 673 1685 763 rin-AERE.

567 874 717 965 adeoque
737 869 795 946 a‘e‘r
821 893 980 964 vaporum
1003 873 1117 964 plenus
1138 893 1239 962 poros
1271 889 1448 962 corporum
1480 865 1679 962 ingreditur,
1704 867 1870 962 facitque,
1902 892 1942 946 ut
1960 875 2094 952 easdem

568 989 606 1045 ac
628 975 670 1043 ab
690 970 811 1064 aspersa
833 993 915 1064 aqua
938 972 1132 1043 mutationes
1158 969 1301 1042 subeant.
1334 967 1482 1056 Operam
1506 964 1666 1036 dederunt
1680 965 1890 1060 Philosophi,
1916 991 1973 1058 ut,
1988 997 2097 1066 quan·

569 1089 638 1144 tum
661 1071 791 1162 vaporis
815 1073 848 1140 in
868 1072 942 1140 ae're
967 1071 1061 1141 variis
1085 1070 1285 1159 temporibus
1307 1063 1452 1150 inerret,
1485 1061 1667 1134 mensurare
1701 1065 1855 1156 pollent:
1886 1067 2097 1146 instrumenn

567 1169 644 1239 huic
672 1167 773 1256 scopo
797 1165 960 1239 servientia
990 1166 1194 1258 appellantur
1224 1168 1472 1260 Hygrometra‚
1505 1162 1823 1258 Hygroflarhmica‚
1856 1168 2095 1266 Hygrosropr’a,

567 1269 777 1341 Notiometra
795 1314 807 1349 ,
842 1286 981 1355 quorum
1005 1267 1171 1334 inventum
1187 1261 1375 1334 adscribitur
1400 1261 1615 1358 Margrtano,
1640 1269 1856 1336 innotuerunt
1872 1274 1977 1340 tamea
1992 1272 2094 1340 etium

568 1366 738 1436 Suniiorio
764 1358 800 1433 dt
825 1361 1005 1433 hierlenno
1033 1361 1140 1452 (alt
1174 1379 1316 1450 quorum
1343 1361 1400 1432 hic
1430 1381 1472 1430 ex
1497 1361 1582 1430 varia
1605 1379 1762 1433 tonorum
1786 1364 1968 1458 gravitate,
2006 1385 2092 1455 quos

567 1465 657 1534 nervi
681 1460 758 1529 tenir
785 1459 904 1540 edunt,
930 1455 1122 1528 subtiliffime
1145 1458 1263 1528 variam
1288 1459 1372 1530 airis
1394 1458 1620 1530 humiditatem
1646 1460 1782 1555 collegit
1796 1483 1809 1542 ς
1825 1481 1904 1551 quo
1926 1465 2014 1532 enim
2036 1463 2092 1534 adr

567 1557 755 1637 humidior,
783 1575 826 1624 eo
848 1553 937 1626 Toni
961 1555 1042 1626 hunt
1062 1558 1233 1626 acutiores.
1282 1555 1515 1627 Conficiuntur
1535 1553 1748 1628 Notiometra
1772 1555 1982 1632 diverfiffinae
2006 1559 2089 1657 ligu-

567 1675 610 1722 roe
635 1671 676 1720 ex
699 1650 842 1746 Lignis,
868 1651 1043 1738 Funibus,
1070 1653 1242 1738 Chordis,
1267 1651 1504 1748 Pergameno,
1530 1650 1716 1744 spongiis,
1741 1653 1877 1740 Corio,
1907 1655 2088 1746 Cotoneo,

567 1749 671 1836 Spicis
696 1751 879 1837 arillarurn,
906 1749 995 1822 Oleo
1019 1749 1148 1823 Vitrioli
1174 1746 1568 1842 &caprellamiffimam
1598 1747 1793 1820 methodum
1818 1751 2000 1824 Florentini
2025 1777 2090 1828 ιιι·

566 1847 717 1916 diderunt
742 1847 829 1942 (b):
855 1852 954 1920 varias
978 1849 1197 1942 plurimasque
1209 1847 1286 1920 alias
1306 1848 1514 1944 collegerunt
1529 1842 1723 1931 Leupoldus
1746 1845 1769 1938 (
1775 1845 1850 1938 c),
1877 1847 1911 1920 δι
1936 1847 2089 1946 Desagu·

564 1943 674 2014 lierius
701 1945 754 2036 (d
760 1951 791 2036 1).
843 1945 965 2016 Verum
991 1946 1070 2019 nulli
1091 1946 1259 2018 considere
1279 1946 1354 2016 licet
1379 1997 1390 2024 ,
1413 1940 1591 2026 omniaque
1623 1945 1774 2012 receuhta
1804 1948 1931 2040 magnis
1956 1947 2091 2018 defeffi-

564 2043 626 2110 bus
649 2040 865 2132 subjiciuntur.
914 2041 1086 2139 Quantum
1106 2047 1193 2112 enim
1224 2047 1335 2136 Ligna
1364 2041 1502 2120 attinet,
1527 2033 1689 2130 eliguntur
1709 2037 1796 2132 ligna
1809 2043 2034 2130 porofillrma,
2053 2041 2091 2116 dt

563 2137 667 2220 levia3
693 2143 844 2208 omnihus
867 2139 1036 2228 praefertur
1060 2139 1176 2214 Picea,
1202 2135 1368 2222 Populus,
1393 2130 1523 2202 Alnus:
1546 2136 1620 2221 quia
1640 2133 1683 2201 ab
1702 2133 1839 2204 humore
1862 2143 2009 2208 maxime
2036 2144 2091 2212 in·

564 2252 778 2311 tunt-escunt,
803 2236 884 2298 licea
907 2234 1047 2298 maxime
1070 2227 1336 2313 oonuahuntur;
1373 2228 1524 2317 quoniam
1551 2245 1659 2296 autem
1681 2247 1774 2298 arture
1806 2249 1906 2300 omne
1933 2230 2087 2326 Lignum

563 2328 665 2420 magls
687 2329 855 2418 magisque
874 2329 1008 2408 arescit,
1035 2321 1070 2393 bc
1093 2343 1198 2413 aqua,
1224 2323 1353 2416 spiritu,
1378 2323 1482 2404 oleo,
1505 2340 1544 2391 ac
1568 2318 1630 2390 sale
1652 2323 1801 2405 orbatur,
1824 2325 1950 2412 semper
1975 2334 2087 2423 magis

563 2419 781 2512 contrahitur,
807 2443 972 2511 nunquam
998 2424 1031 2492 in
1056 2420 1218 2512 pristinam
1241 2420 1498 2519 magnitudinem
1515 2417 1634 2488 delude
1655 2416 1854 2506 rediturum
1877 2421 1956 2490 ideo
1971 2422 2091 2518 ligneo

563 2517 785 2610 llygrometro
808 2524 992 2609 cuicumque
1014 2518 1070 2590 diu
1094 2518 1150 2587 lidi
1182 2539 1251 2590 non
1277 2519 1396 2612 potest.

610 2621 717 2690 Fures
738 2618 872 2707 penduli
896 2616 1074 2708 appensum
1104 2617 1236 2706 pondus
1263 2618 1451 2714 gestantes,
1483 2614 1683 2706 caeteroquin
1713 2610 1834 2725 liberi,
1859 2617 2085 2724 'perpetuast

560 2715 713 2787 evolvere
733 2717 903 2800 nituntur,
932 2718 973 2784 ab
1000 2713 1137 2782 humido
1165 2715 1435 2800 convolvuntur,
1460 2713 1514 2784 sod
1538 2731 1678 2804 parurn:
1703 2711 1738 2780 in
1763 2712 1929 2800 principio
1954 2713 2087 2802 quidem

560 2812 654 2902 plus,
680 2809 732 2879 sed
753 2809 866 2900 polica
890 2833 957 2882 non
977 2809 1133 2902 amplius:
1159 2833 1315 2903 praeterea
1334 2804 1923 2908 adeo-irregularitereonvolvuntur,
1946 2805 2085 2886 &evol-

557 2925 699 2986 vunurr,
726 2926 762 2977 ut
782 2928 882 2978 nemo
904 2911 943 2980 iis
967 2907 1136 2980 fidendum
1162 2914 1281 2981 merito
1301 2909 1440 3001 judicet.

560 3033 567 3046 ·
609 3008 728 3076 Nerui
748 3025 766 3072 a
788 3006 945 3074 mediocri
970 3005 1107 3073 humore
1127 3005 1381 3092 abbreviantur,
1416 3031 1436 3077 a
1459 3005 1598 3098 copioso
1629 3003 1769 3074 humore
1791 2999 1954 3098 longiores
1977 3003 2083 3096 fiunt,

560 3106 595 3173 in
620 3122 736 3193 magna
763 3099 903 3169 fictitate
925 3099 1176 3171 contrahuntur:
1203 3102 1283 3173 levis
1313 3103 1437 3172 ficcitus
1459 3124 1517 3173 eos
1533 3105 1640 3175 minus
1660 3098 1785 3170 tendit:
1808 3104 1976 3174 cumnovi
1994 3101 2084 3198 suut,

559 3199 686 3288 magnis
711 3195 944 3264 mutationibus
962 3195 1198 3284 subjiciuntur,
1229 3195 1291 3266 sed
1321 3219 1394 3288 quae
1427 3200 1583 3290 paulatim
1614 3198 1836 3286 decrescunt,
1856 3197 1967 3290 elapso
1990 3199 2085 3292 biens

557 3293 616 3360 nio
641 3309 708 3357 non
725 3287 862 3376 amplius
882 3308 1056 3361 mutantur.

564 3379 567 3386 '
607 3388 845 3480 Pergamenum
871 3408 938 3456 noa
962 3385 1008 3456 est
1029 3385 1101 3459 satis
1129 3388 1256 3480 spiisum
1278 3391 1320 3464 ad
1343 3391 1515 3464 humidum
1536 3391 1777 3479 retinendum,
1807 3395 1899 3466 nimis
1924 3397 1994 3467 cito
2018 3396 2079 3470 lic·

556 3499 670 3567 orttrr,
697 3504 760 3552 nec
782 3487 909 3581 magnis
932 3487 1164 3560 mutationibus
1186 3487 1361 3581 subjicitur.

608 3581 754 3684 Spongiae
781 3580 995 3655 adneiluntur
1020 3581 1156 3671 Librae,
1191 3589 1356 3682 graviores
1379 3589 1421 3660 ab
1445 3588 1615 3674 humore,
1648 3587 1788 3663 leviores
1811 3589 1953 3662 fictitate
1977 3589 2076 3664 fiuntt

555 3695 668 3751 verum
697 3699 774 3750 curn
793 3681 827 3750 in
845 3683 919 3751 aire
940 3680 1133 3771 pendeant,
1165 3705 1184 3752 a
1206 3683 1392 3773 pulveribus
1415 3685 1628 3775 sordibusque
1652 3689 1735 3758 aeris
1763 3685 1884 3778 illapiis
1907 3687 1991 3760 lium
2014 3711 2081 3786 gra·

552 3780 806 3862 uiores,quam
830 3795 997 3864 parerat:
1024 3774 1080 3862 dc,
1114 3779 1171 3847 nist
1196 3782 1287 3867 prius
1307 3779 1453 3854 lixivium
1480 3783 1686 3872 imbiberint,
1711 3805 1777 3856 mm
1800 3805 1919 3876 partum
1943 3785 2082 3860 humoris

557 3872 705 3958 trahunt,
739 3888 776 3939 ut
796 3868 830 3937 id
853 3871 1011 3940 observari
1030 3891 1100 3943 non
1125 3871 1230 3962 pollit.

604 3969 739 4039 Corium
756 3965 888 4066 sumitur
906 3965 1041 4042 ovillum
1060 3990 1136 4040 cum
1156 3970 1431 4062 epidermide,&
1450 3979 1594 4069 sequenti
1613 3980 1718 4054 modo
1732 4001 1968 4074 praepuruurm:
1996 4002 2078 4076 aqua

556 4064 655 4154 mixta
679 4087 755 4136 cum
778 4083 892 4153 aceto,
918 4063 1090 4159 solutoque
1113 4066 1175 4138 sale
1202 4065 1327 4142 marino
1358 4071 1393 4148 δι
1422 4080 1629 4148 ammoniaco
1661 4080 1834 4154 inebriauu
1848 4081 1997 4166 corium,
2020 4101 2078 4150 eu·

549 4163 691 4256 ¹pansum
715 4165 870 4236 licoatur:
905 4161 960 4236 sed
989 4163 1024 4236 id
1056 4185 1206 4262 tempore
1230 4165 1368 4244 humido
1395 4195 1518 4247 tantum
1534 4173 1680 4248 humoris
1703 4179 1833 4265 allicit,
1870 4198 1906 4250 ut
1928 4177 2079 4276 guttatim

556 4259 678 4334 delltut
704 4285 867 4335 unacum
891 4258 1048 4354 Solibus,
1073 4263 1150 4336 hinc
1176 4264 1314 4339 semestri
1337 4271 1449 4366 elapso
1474 4276 1602 4346 corium
1627 4275 1699 4350 salis
1725 4275 1772 4348 eli
1793 4295 1935 4368 expers3
1969 4271 2007 4348 ἀ
2030 4273 2080 4346 ni·

427 4397 429 4402 -
552 4361 658 4428 mium
684 4359 912 4456 irregularibus
934 4355 1198 4457 elongationibus
1222 4363 1395 4456 subjicitur.

556 4547 566 4566 ·
610 4461 784 4530 Coroneum
808 4475 849 4524 ex
875 4453 975 4528 Libra
998 4459 1180 4548 pendulum
1201 4462 1236 4530 iu
1259 4465 1334 4537 aire
1355 4472 1484 4565 gravius
1510 4469 1571 4558 lit,
1608 4476 1737 4572 gravius
1760 4491 1899 4564 manet,
1927 4472 2076 4566 vitiisque

551 4551 670 4632 ¹iisdem
685 4575 725 4628 ac
750 4554 883 4648 spongia
910 4553 1088 4649 subjicitur.
2011 4665 2075 4770 ὃν..

640 4761 700 4843 (ι)
720 4765 869 4828 Mersenni
894 4771 1064 4839 Hannonic.
1086 4777 1151 4842 le.
1167 4795 1195 4854 ³·
1218 4779 1307 4861 Prop.
1326 4801 1374 4849 ro.
1396 4785 1498 4860 Corul.
1514 4803 1542 4862 ³·
1563 4805 1627 4870 pag.
1643 4807 1694 4866 51«

613 4923 617 4934 ι
652 4846 686 4902 h·
711 4849 841 4908 'sentam
867 4853 994 4912 Floreat.
1019 4875 1084 4934 pag.
1104 4877 1139 4934 14
1171 4859 1197 4920 dt
1219 4861 1278 4940 seq.

607 4933 612 4938 ·
649 4922 943 4989 maeatasque.
967 4935 1100 4997 Univers
1130 4941 1206 5000 l’art.
1227 4959 1253 5001 r.
1274 4945 1334 5021 Cap
1363 4961 1391 5018 ι.

633 4999 697 5084 (d)
717 5002 826 5068 courir
847 5007 885 5071 oi
900 5009 1053 5100 expetam.
1068 5017 1249 5102 ¹l'bllvivpb.
1271 5023 1388 5089 vol-a.
1406 5039 1561 5104 1²²le
