4992 6767
554 671 1624 792 Damaaaoarsrouars.
1764 718 1863 800 1081

332 902 519 980 incenditur
540 898 659 984 mola,
694 897 809 969 mulier
830 918 870 967 ex
897 892 1024 969 flamma
1047 901 1186 970 extraria
1215 903 1248 972 in
1276 896 1386 974 locum
1413 920 1518 974 tutum
1545 901 1716 989 defertur,
1755 910 1865 999 elapso

334 1021 485 1094 tempore
511 1000 551 1070 ad
576 998 608 1069 se
640 996 767 1069 rediens
789 995 976 1078 fatebatur,
1004 995 1035 1066 fe
1059 1019 1125 1088 praa
1148 999 1274 1090 subito,
1299 1005 1535 1094 maximoque,
1559 1003 1777 1093 inexspeiiato
1799 1007 1861 1075 fra·

333 1123 414 1199 gote
440 1118 622 1188 correptam
646 1115 767 1187 pavore
797 1095 852 1164 fibi
878 1093 1059 1178 excidilfe,
1093 1098 1217 1167 nullum
1241 1100 1417 1190 percepisse
1441 1100 1623 1183 dolorem,
1655 1122 1717 1172 nec
1737 1101 1860 1192 aliquid>

334 1209 455 1272 interea
478 1198 507 1267 t’e
533 1193 708 1291 cogitasse,
731 1193 830 1264 veluti
860 1197 893 1262 in
917 1191 984 1261 alto
1002 1192 1129 1265 somno.
1177 1201 1279 1266 Anno
1309 1216 1400 1290 ¹717
1428 1196 1609 1293 Hamburgi
1636 1197 1758 1270 fulmen
1782 1222 1859 1290 per·

333 1298 423 1370 culfrt
449 1297 561 1365 turrim
582 1292 694 1382 templi
720 1291 785 1361 divi
812 1289 926 1370 Petri,
952 1292 985 1360 in
1008 1313 1076 1381 quo
1097 1291 1223 1381 juvenis
1240 1293 1476 1367 donnibundus
1496 1295 1654 1383 sedebat,
1679 1296 1731 1367 hic
1756 1319 1858 1369 terro·

333 1419 367 1468 re
390 1396 513 1491 ingenti
535 1389 698 1482 perculsus
720 1389 895 1477 stupebat,
921 1386 1118 1476 aliquamdiu
1144 1390 1201 1460 sibi
1224 1391 1365 1484 excidit,
1391 1392 1478 1465 lente
1504 1394 1545 1464 ad
1570 1394 1600 1463 fe
1620 1395 1758 1466 rediens.
1784 1393 1857 1467 Ho-

332 1497 436 1563 mines
451 1512 573 1587 magno
589 1507 710 1559 terrore
727 1483 863 1557 effecius
877 1487 1078 1557 exanimatos
1099 1485 1211 1568 fuille,
1232 1491 1379 1581 plurimis
1399 1490 1524 1562 constat
1538 1491 1712 1587 exemplis,
1730 1491 1765 1563 lle
1782 1493 1863 1562 ideo

330 1594 463 1662 minime
484 1584 696 1659 dubitandum
715 1584 788 1666 est,
813 1587 894 1675 quin
916 1587 1028 1679 ingens·
1061 1583 1169 1681 fragor
1194 1592 1357 1677 tonitrui,
1382 1589 1534 1662 homines
1558 1589 1765 1662 meticulosos
1789 1612 1857 1662 atn-

330 1691 476 1771 biantis,
502 1685 706 1757 trucidaverit
729 1681 917 1754 nonnullos.

378 1786 473 1857 Alios
497 1806 516 1855 a
542 1782 679 1853 fulmine
703 1783 786 1853 idos
805 1778 903 1852 ueluti
929 1781 962 1848 in
986 1800 1090 1850 vacuo
1117 1781 1255 1853 interfici
1281 1782 1437 1879 colligo,
1463 1787 1539 1873 quia
1562 1782 1657 1855 Nob.
1683 1782 1741 1855 Du
1768 1782 1853 1858 Ver·

328 1905 430 1974 neyus
457 1881 551 1977 (a),
577 1880 756 1952 l'itcamius
782 1881 866 1973 (b),
893 1878 1011 1966 aliique
1042 1875 1214 1972 fulguritos
1244 1881 1416 1963 homines,
1449 1877 1659 1951 &animalia
1701 1882 1858 1956 diffecan·

330 2002 407 2069 tes,
438 1982 611 2075 pulmones
635 1973 796 2068 collapsos
822 1978 1040 2057 inuenerunt,
1066 1976 1163 2044 veluti
1190 1977 1317 2049 suntin
1345 1977 1538 2049 animalibus
1564 1980 1598 2049 ia
1620 1997 1724 2051 vacuo
1753 1981 1858 2052 entia·

331 2082 401 2151 etis.

378 2177 433 2247 Cl.
461 2172 649 2254 Walliftus,
673 2166 855 2252 Lowerus,
881 2167 1059 2250 Willifrus,
1081 2169 1234 2258 juvenem
1262 2169 1397 2239 fulmine
1421 2172 1520 2242 idum
1542 2190 1761 2262 aperuerunt,
1786 2170 1862 2263 pul·

328 2292 441 2344 mones
462 2273 546 2339 bene
568 2268 726 2348 inflatos,
758 2287 817 2334 cor
843 2267 1026 2343 intactum,
1060 2265 1182 2353 reliqua
1215 2269 1326 2334 omnia
1350 2269 1548 2357 incorpore
1575 2270 1659 2338 bene
1683 2269 1857 2340 constituta

327 2375 544 2447 invenerunt,
573 2363 657 2431 adeo
682 2383 716 2429 ur
738 2360 791 2429 hic
813 2362 863 2429 vel
889 2382 1038 2451 pavore,
1063 2361 1113 2431 vel
1139 2362 1180 2430 ab
1196 2362 1403 2434 elecbicitate
1425 2369 1624 2435 exanimatus
1644 2365 1749 2436 fuerit.
1782 2364 1859 2434 No·

326 2467 387 2537 ssta
412 2465 501 2533 enim
523 2458 711 2548 tempestate
741 2479 946 2548 compertum
976 2457 1046 2543 est,
1082 2458 1365 2531 instrumentorum
1390 2482 1456 2552 ope
1484 2483 1603 2533 tantam
1629 2461 1720 2554 polle
1743 2462 1820 2533 colli
1846 2465 1854 2479 ’

326 2562 541 2633 electricitatis
572 2559 729 2647 copiam,
762 2578 826 2645 qua
850 2555 1022 2639 animalia,
1046 2558 1092 2626 uti
1119 2556 1260 2628 aviculas
1282 2553 1348 2628 &a
1380 2581 1449 2630 uno
1478 2562 1544 2629 iiia
1568 2561 1792 2646 trucidamus,
1819 2483 1856 2631 ἓ

327 2661 474 2751 quamvis
499 2651 697 2726 extrinsecus
718 2652 805 2722 nulla
832 2672 1046 2742 compareant
1075 2653 1212 2723 laeftonis
1239 2654 1365 2746 ligra,
1407 2655 1581 2743 pulmones
1610 2677 1717 2730 tamen
1745 2656 1855 2728 obser·

327 2775 443 2828 vantur
468 2751 557 2823 fredi
580 2747 730 2820 effluente
747 2749 917 2845 sanguine,
946 2747 981 2820 dr
1005 2749 1176 2819 cerebrum
1207 2750 1343 2820 laefum:
1367 2749 1444 2822 ideo
1469 2773 1543 2821 cum
1558 2754 1681 2822 fulmen
1708 2776 1748 2823 ex
1764 2774 1855 2848 mag·

328 2874 369 2924 na
392 2850 607 2924 eledricitatis
640 2849 816 2937 quantitate
850 2847 1054 2927 constiterit,
1087 2849 1208 2938 poterit
1236 2846 1361 2917 facilius
1399 2849 1558 2920 trucidare
1587 2849 1763 2920 animalia:
1801 2872 1855 2919 ar·

328 2971 360 3021 te
382 2949 572 3020 eledricitas
593 2943 757 3028 colle'iia,
789 2941 880 3015 &in
908 2945 1077 3016 hominem
1107 2945 1249 3016 diretta.
1283 2947 1394 3016 rubras
1425 2949 1457 3015 in
1489 2965 1566 3015 cute
1590 2944 1762 3031 maculas,
1797 2946 1855 3017 diu

324 3046 501 3140 perstantes
519 3044 656 3125 excitat,
681 3040 835 3135 sanguine
861 3043 985 3128 rubro,
1011 3043 1061 3113 vel
1087 3041 1167 3115 vasis
1191 3044 1405 3113 tenerioribus
1430 3042 1598 3132 impulso,
1628 3045 1678 3113 vel
1703 3043 1780 3114 binc
1801 3045 1855 3114 in·
1992 3087 1997 3100 ·

325 3145 369 3215 de
390 3140 613 3224 extravasat03
639 3142 681 3208 ita
705 3158 840 3229 quoque
862 3135 987 3210 fulmen
1014 3138 1203 3210 eleiiricum
1223 3138 1313 3229 juxta
1337 3139 1505 3210 hominem
1532 3141 1701 3224 delatum,
1736 3159 1855 3210 eumve

323 3239 442 3313 feriens
465 3261 574 3310 cutem
595 3236 728 3322 laedere,
752 3235 939 3323 vulnerare,
965 3236 1178 3322 comburere,
1199 3235 1416 3318 contundere,
1432 3257 1605 3331 gangrena
1625 3257 1858 3306 momentanea

324 3338 452 3411 afficere
473 3335 581 3430 potest
601 3385 614 3418 ,
638 3329 674 3404 ἃ
702 3332 769 3406 offa
793 3330 941 3429 frangere
963 3338 999 3406 in
1023 3336 1205 3419 minutias,
1239 3354 1381 3427 quorum
1411 3337 1558 3404 omnium
1583 3332 1683 3404 multa
1705 3331 1860 3423 exempla

322 3436 479 3527 prostant.
526 3434 629 3503 Anno
659 3431 753 3515 1684
778 3428 934 3585 Lugduni
956 3436 990 3502 in
1016 3429 1126 3502 Gallia
1147 3429 1272 3498 firlmen
1301 3434 1336 3498 in
1360 3430 1587 3502 monasterium
1613 3429 1651 3501 P.
1676 3429 1855 3501 Chariten·

325 3534 406 3601 iiam
427 3527 577 3600 involans
602 3521 686 3593 duos
708 3519 799 3608 juxta
843 3517 1035 3588 efedentes
1061 3518 1147 3589 feriit
1178 3519 1367 3606 homines,
1407 3545 1546 3614 quorum
1570 3526 1650 3597 alter
1669 3526 1862 3599 interfeiiua

324 3627 391 3696 line
414 3623 483 3693 ullo
507 3622 602 3715 signo
630 3612 858 3696 contufionis,
883 3611 1051 3711 lebonis,
1085 3614 1136 3685 vel
1158 3615 1416 3688 combustionis:
1440 3619 1569 3690 alterius
1592 3641 1696 3704 vero,
1722 3626 1778 3710 qui
1795 3645 1855 3693 ex·

323 3722 452 3813 spiravit
475 3720 556 3789 odo
576 3712 665 3786 horis
687 3708 788 3803 post,
812 3708 894 3782 letus
917 3711 1066 3783 dextrum
1091 3733 1195 3804 usque
1220 3714 1261 3785 ad
1283 3714 1385 3805 pedes
1409 3720 1539 3808 penitus
1563 3716 1790 3800 combustum,
1812 3740 1852 3789 ac

323 3821 347 3891 ii
369 3821 437 3917 igni
454 3816 547 3908 supra
564 3807 752 3885 craticulam
777 3807 834 3879 diu
848 3809 1012 3900 eupofitus
1026 3808 1152 3904 stridet,
1176 3809 1282 3882 illeiis
1304 3814 1458 3885 omnibus
1475 3812 1613 3886 vestibus
1639 3813 1711 3909 (c).
1760 3812 1855 3885 Grex

324 3920 437 3989 ovium
467 3913 578 3985 feritur
601 3931 619 3981 a
641 3906 808 3991 fulmine,
840 3925 909 3976 tota
931 3905 1122 3994 occiditur,
1158 3910 1367 3983 inveniuntur
1389 3911 1500 3982 omnia
1528 3909 1595 3982 offa
1618 3914 1652 3984 in
1678 3911 1861 3984 tenuiffima

323 4015 504 4111 fragmenta
528 4005 754 4090 commeate,
788 4023 848 4097 pet
873 4023 1003 4079 carnem
1029 4003 1202 4100 dispersa,
1234 4025 1272 4079 ut
1298 4027 1377 4082 ores
1407 4009 1529 4082 cibatui
1560 4008 1674 4085 servire
1697 4033 1766 4085 non
1786 4031 1856 4103 paq

324 4115 455 4185 tuerint.

373 4247 404 4350 i.
430 4243 670 4322 MMDXXV.
701 4237 875 4318 Sifulmea
907 4244 942 4314 in
964 4239 1055 4328 solo,
1076 4243 1128 4317 vel
1147 4243 1223 4316 albo
1246 4260 1343 4318 muro
1365 4247 1570 4330 cucurrerit,
1596 4244 1714 4317 traaas
1736 4245 1857 4338 albos,

325 4346 534 4436 emaculas,
552 4341 704 4418 decursus
728 4342 859 4441 vestigia
876 4359 1113 4434 nonnunquam
1136 4342 1235 4414 veluti
1258 4346 1300 4416 ab
1323 4343 1467 4418 ufenico
1495 4342 1647 4436 relinquit
1674 4337 1778 4442 (ἢκ
1812 4365 1854 4420 aa

324 4447 358 4517 bi
380 4443 501 4519 tradas
523 4443 595 4516 sunt
615 4461 726 4535 partes
746 4440 845 4516 calcis
868 4439 910 4514 ab
925 4444 1002 4540 igne
1018 4439 1173 4516 eleiirico
1199 4439 1404 4534 aliquantum
1426 4441 1626 4535 combustae,
1649 4461 1705 4518 aut
1727 4441 1853 4550 exesa:

1812 4562 1856 4620 aa

402 4739 461 4815 (a)
479 4737 587 4802 Hilior.
611 4733 700 4799 nere.
722 4736 795 4814 Reg.
820 4737 927 4799 Sciant
949 4753 1017 4815 pag.
1040 4742 1108 4811 308.

401 4822 465 4896 (i)
488 4821 535 4878 De
558 4819 644 4877 Motu
666 4831 727 4892 quo
749 4817 837 4894 Sang.
856 4834 920 4894 pag.
945 4834 994 4892 59.

401 4902 459 4971 (r)
482 4897 602 5043 {ourani
627 4895 677 4954 dea
700 4895 825 4956 serrant
850 4897 902 4970 ‚aa
929 4900 1014 4972 1⁶84·
1030 4911 1102 4975 pag.
1123 4910 1189 4978 223.

399 4976 466 5057 (d)
508 4973 595 5044 bilai
616 4971 763 5040 aranea
784 4972 855 5039 Vol.
876 4977 926 5052 4⁸·
947 4991 1016 5057 pra.
1037 4981 1088 5054 ⁸1·
