4992 6767
519 677 614 791 με·
888 641 1089 743 DE
1234 607 1518 764 ἱδ”ὒιΝ
1602 637 1656 725 0.

528 887 566 947 at
584 873 619 941 ln
642 843 873 936 redemerim
899 839 1071 929 ΑΜΒ,
1094 839 1145 913 uel
1160 857 1207 911 ut
1226 840 1261 909 in
1277 831 1405 907 dinetus
1424 829 1570 928 lldfli,
1597 831 1742 931 Ath‚
1766 841 1962 921 acceleratio
1981 845 2062 924 sem.

530 965 667 1065 petest,
691 979 726 1030 ut
740 954 884 1051 ejusdem
898 946 1044 1020 distantia
1068 944 1110 1011 ab
1134 960 1193 1009 axe
1218 955 1325 1005 motus
1348 928 1437 1016 AB,
1462 925 1614 1025 adeoque
1639 955 1757 1026 omnes
1779 960 1884 1031 partes
1909 952 1999 1018 nervi
2028 952 2067 1021 fi.

532 1066 601 1141 mul
631 1060 802 1134 redeuntes
835 1052 876 1120 ad
907 1041 983 1117 axin
1011 1037 1081 1111 AB
1107 1036 1327 1128 perveniunt,
1362 1025 1482 1099 QOdem
1506 1048 1689 1122 tempore,
1725 1032 1762 1106 δι
1787 1037 1877 1112 fimul
1901 1045 2067 1134 exibunt,

527 1184 602 1257 -quo
626 1155 729 1231 modo
752 1149 948 1222 vibrationes
971 1134 1135 1230 fingulas,
1161 1131 1224 1202 five
1243 1146 1396 1222 magnas,
1420 1125 1483 1198 srve
1507 1147 1643 1218 maras,
1669 1134 1704 1204 ia
1728 1134 1807 1207 dato
1827 1160 1970 1233 tempore
2000 1167 2063 1237 pe.

518 1260 661 1335 friodico
683 1248 852 1323 absolvunt
869 1238 965 1311 instar
987 1229 1120 1325 penduli
1143 1232 1177 1298 in
1202 1222 1366 1314 Cycloide
1391 1219 1579 1296 oscillantis.

465 1332 467 1335 y
587 1353 670 1426 Ideo
697 1363 815 1418 nereus
838 1333 963 1419 tensus,
989 1327 1158 1398 &nona
1183 1323 1279 1394 nimis
1299 1341 1417 1418 magna
1439 1323 1471 1392 vi
1496 1323 1680 1414 perculsus,
1705 1331 1748 1402 ab
1772 1335 1866 1407 initio
1890 1335 1933 1408 ad
1971 1336 2069 1412 finem

574 1471 654 1525 num
675 1440 816 1515 eundem
840 1431 937 1516 edit,
967 1424 1112 1520 quamvis
1137 1420 1355 1494 oscillatione
1377 1424 1411 1491 in
1435 1420 1600 1514 principio
1622 1445 1733 1501 motus
1758 1431 1820 1503 siut
1844 1433 1948 1504 multo
1978 1434 2071 1506 latia·

534 1629 540 1638 ι
586 1569 623 1629 s,
648 1557 747 1632 quam
771 1533 829 1602 sub
848 1528 925 1600 fine.

535 1653 538 1660 ¹
600 1683 632 1783 5.
656 1667 891 1753 MMccvll.
916 1666 1112 1739 Sauveucius
1139 1662 1326 1755 supputavit
1345 1662 1428 1730 uam
1451 1681 1471 1732 a
1492 1683 1597 1735 nervo
1617 1669 1804 1754 percursam
1827 1670 1968 1760 quodam
1991 1651 2074 1742 tem.

549 1804 653 1881 pore,
679 1797 755 1848 cum
782 1769 930 1842 maximis
953 1762 1207 1837 oscillationibue
1229 1758 1428 1854 agitabatur,
1453 1760 1566 1850 pallea
1588 1783 1665 1832 cum
1689 1768 1848 1850 minimis,
1873 1768 2003 1837 edendo
2028 1790 2074 1838 ta·

466 1925 471 1939 .
545 1905 624 1958 men
654 1873 797 1950 eundern
827 1861 940 1936 auditu
971 1858 1215 1952 percipiendum
1252 1877 1394 1940 tonum,
1435 1858 1623 1948 invenitque
1656 1864 1738 1931 vlam
1772 1864 1805 1931 in
1837 1867 1946 1953 primo
1981 1866 2071 1946 casu.

550 1995 701 2069 tempore
722 1967 838 2039 minuti
850 1959 990 2031 -secundi
1012 1954 1102 2028 fuisse
1128 1976 1187 2049 72.
1209 1952 1396 2045 majorem,
1422 1974 1520 2043 quam
1544 1957 1578 2025 ita
1601 1956 1770 2046 posteriori
1794 1959 1867 2028 casu
1893 1958 2000 2054 (a):
2035 1983 2073 2031 ex

550 2080 671 2169 quibas
692 2066 854 2157 sequimur,
876 2059 957 2129 Soni
971 2054 1202 2139 inaniorem,
1227 2050 1375 2123 nondum
1403 2071 1528 2123 mutato
1552 2069 1650 2139 tono,
1672 2051 1767 2145 posse
1790 2055 1859 2124 sieri
1882 2076 1945 2148 72.
1974 2059 2076 2150 rnajo

553 2195 633 2247 tem·
1855 2207 1870 2246 o

463 2350 502 2384 ..
614 2305 646 2405 i.
678 2294 928 2375 Muuccvul
962 2292 1052 2365 Cum
1082 2315 1202 2366 neruus
1233 2293 1360 2384 plostra
1391 2295 1568 2384 percutitur
1588 2290 1760 2364 constante-
1776 2313 1818 2361 ex
1840 2294 1952 2362 multia
1976 2295 2079 2383 pilis,

558 2403 738 2486 notabilem
763 2396 965 2469 latitudinem
983 2391 1225 2472 efficientibus,
1251 2391 1319 2461 fieri
1342 2392 1469 2481 potest,
1492 2412 1527 2467 ut
1551 2413 1666 2464 nervus
1688 2392 1720 2459 in
1746 2392 1908 2479 principio
1932 2412 2003 2459 non
2028 2414 2080 2462 ac-

455 2494 466 2567 .'
497 2495 507 2515 ⁹
556 2523 672 2583 curate
695 2517 802 2570 curvae
824 2492 990 2583 descripte
1017 2487 1182 2585 ADFli
1197 2488 1338 2558 faunam
1365 2488 1503 2575 induat,
1535 2492 1678 2580 parribus
1710 2486 1875 2556 nonnullis
1907 2485 2079 2561 vehemen-

453 2609 460 2689 ζ
561 2610 625 2680 n'us
643 2591 753 2692 prelis
777 2594 864 2675 aliis,
889 2590 1057 2684 magisque
1077 2586 1189 2669 flexis,
1214 2585 1426 2656 nihilominus
1449 2587 1537 2658 brevi
1550 2585 1760 2676 pastaliquot
1773 2580 1995 2654 oscillationes
2014 2608 2080 2657 cur·

469 2685 476 2692 ’
544 2724 626 2786 xva,
650 2692 759 2766 similis
781 2688 969 2777 descriptae,
994 2686 1012 2752 i
1035 2706 1135 2754 nervo
1157 2681 1378 2770 formabitur,
1402 2697 1566 2777 tonusque
1587 2702 1736 2755 accurate
1761 2701 1832 2766 tuat
1856 2679 1944 2752 idem
1968 2681 2078 2774 persta·

558 2795 613 2871 bit
636 2809 741 2881 usque
759 2786 800 2856 ad
825 2783 923 2853 sineru
944 2781 1096 2851 audiendi
1120 2779 1199 2851 soni.
1428 2793 1431 2800 '

606 2889 700 2964 Nam
723 2887 758 2954 in
780 2878 931 2956 ADFB
955 2898 1121 2947 curvatura
1145 2881 1179 2948 in
1200 2878 1250 2962 F,
1268 2879 1316 2965 ssad
1342 2898 1541 2951 curvaturam
1561 2882 1595 2949 in
1614 2875 1680 2964 D,
1706 2877 1743 2950 fit
1756 2879 1790 2954 ln
1805 2873 1916 2967 majori
1934 2868 2079 2960 ratione}

563 3007 665 3082 quam
689 2981 836 3053 distantia
856 2974 944 3058 FE,
966 2975 1008 3044 atl
1030 2973 1209 3048 distantiam
1233 2969 1328 3048 DC:
1354 2979 1387 3046 in
1407 2975 1473 3046 hoc
1494 2976 1567 3047 casu
1589 2971 1744 3048 velocitas
1769 2975 1801 3043 in
1824 2969 1877 3057 F,
1900 2967 1948 3041 ell
1972 2971 2014 3042 ad
2027 2996 2078 3045 ve·

560 3088 734 3159 locitatean
759 3070 867 3159 inD,
891 3069 942 3143 vel
962 3074 995 3141 itt
1015 3070 1130 3163 majori
1147 3071 1233 3155 ‚uel
1259 3075 1294 3142 in
1318 3075 1436 3143 minori
1461 3075 1606 3160 ratione,
1632 3073 1731 3164 qu'am
1755 3065 1902 3142 duram
1927 3067 2016 3151 FE,
2040 3071 2080 3141 ad

558 3180 744 3253 distantiam
764 3167 855 3240 DC.
903 3167 939 3238 Si
958 3167 996 3238 sit
1019 3167 1173 3238 velocitas
1196 3171 1230 3241 in
1247 3168 1298 3256 F,
1323 3170 1364 3241 ad
1388 3169 1594 3241 velocitatem
1618 3173 1652 3240 in
1679 3167 1714 3244 D
1741 3167 1923 3250 iuratione
1948 3167 2079 3259 majori,

562 3293 664 3369 quam
687 3266 757 3339 ΓΕ
782 3264 823 3335 ad
845 3262 880 3334 D
893 3263 944 3348 C,
969 3267 1028 3334 erit
1054 3263 1188 3355 spatiam
1208 3267 1283 3365 uf,
1309 3271 1342 3339 in
1369 3287 1516 3359 tempore
1541 3270 1677 3339 minimo
1700 3266 1924 3358 descnpttm,
1948 3264 1988 3334 ad
2012 3264 2081 3354 spa·

563 3375 647 3444 num
670 3364 767 3445 De,
791 3362 909 3432 eodem
928 3380 1077 3452 tempore
1102 3362 1316 3457 descriptum,
1341 3368 1374 3435 in
1395 3366 1519 3436 ratione
1542 3364 1676 3457 majori,
1704 3385 1798 3458 qiam
1824 3359 1893 3436 EF
1915 3361 1960 3434 ad
1979 3359 2081 3446 CD,

540 3466 718 3554 'adeoque
741 3459 920 3530 dividendo
943 3460 1006 3530 erit
1020 3457 1085 3555 fE
1107 3461 1216 3534 minor
1236 3462 1382 3555 respeslu
1406 3460 1494 3547 Fu,
1520 3484 1618 3553 quarn
1642 3462 1687 3536 est
1712 3457 1797 3540 ΑΟ,
1823 3457 2084 3552 respectable,

561 3561 604 3635 dt
626 3561 704 3631 itleo
725 3555 917 3628 acceleratio
938 3560 971 3627 in
988 3555 1032 3651 f,
1059 3559 1168 3629 minor
1189 3564 1256 3631 erit
1270 3560 1414 3651 respeslu
1435 3559 1676 3631 accelerationls
1700 3562 1733 3632 in
1759 3557 1788 3630 F
1806 3610 1819 3642 ,
1844 3575 1942 3649 quam
1967 3556 2014 3628 est
2036 3580 2085 3628 ac·

472 3659 490 3688 '
561 3659 723 3733 celeraria
744 3658 779 3726 iu
810 3655 866 3748 dp
891 3654 1037 3745 respectu
1061 3653 1303 3740 accelerationis
1325 3657 1358 3727 in
1382 3653 1430 3726 D.
1480 3655 1592 3748 ltaque
1620 3656 1750 3751 majoris
1777 3655 1959 3731 velocitatis
2000 3678 2085 3727 acce

568 3756 732 3829 laeuone
746 3750 870 3841 semper
883 3752 1110 3835 decrescente,
1136 3743 1322 3824 &minoris
1341 3751 1520 3825 velocitatis
1544 3753 1778 3826 acceleratione
1803 3751 1931 3845 semper
1948 3775 2088 3828 creoceo

566 3858 638 3936 te,
669 3847 814 3938 respeciu
836 3846 1060 3916 distantiarum·
1074 3848 1116 3917 ab
1137 3864 1197 3919 axe
1219 3849 1316 3930 AB,
1348 3868 1457 3920 motus
1481 3852 1564 3922 inter
1587 3851 1619 3923 se
1643 3850 1779 3924 tandem·
1795 3854 1840 3924 lta
1867 3854 2090 3943 temperabun-

565 3967 645 4034 ειη,
669 3963 707 4015 ut
728 3963 803 4014 etan
823 3943 1027 4034 pervenerint
1046 3945 1166 4040 putida
1187 3941 1232 4034 F,
1260 3941 1295 4017 ἃ
1316 3942 1376 4032 D,
1399 3946 1440 4016 ad
1461 3951 1583 4038 pendia
1605 3947 1749 4041 quaedam
1765 3969 1813 4042 p,
1838 3963 1874 4031 t,
1901 3970 1979 4018 cum
2007 3948 2092 4019 velo

565 4048 712 4127 elaea,
737 4060 807 4111 tum
827 4038 1079 4143 accelerat-iones
1102 4039 1185 4130 saut,
1212 4046 1259 4116 uti
1277 4042 1432 4115 distantiae
1449 4041 1545 4140 pE,
1575 4047 1657 4140 tc,
1678 4043 1827 4138 adeoque
1849 4065 1947 4116 curva
1972 4042 2090 4139 Arpss

560 4143 636 4238 juna
661 4139 775 4211 eadem
798 4158 837 4208 ac
860 4134 1017 4229 descripta
1038 4137 1171 4226 evadit,
1202 4161 1381 4234 motusque
1401 4161 1517 4214 omnes
1548 4141 1798 4237 conspirabunt:
1829 4141 1919 4214 idem
1943 4144 2091 4225 eveniet,

567 4241 598 4316 li
612 4240 659 4310 'stt
681 4235 837 4309 velocitas
861 4238 894 4305 in
917 4231 966 4316 F,
991 4235 1033 4306 ad
1054 4236 1259 4316 velocitatem
1291 4243 1324 4311 in
1357 4236 1422 4324 D,
1447 4243 1619 4314 in'minori
1644 4237 1788 4328 talione,
1812 4261 1908 4333 quam
1933 4238 2093 4310 distanuae

569 4333 666 4424 ἙΕ,
690 4332 733 4405 ad
746 4331 932 4403 distantiam
957 4329 1045 4405 DC.
1093 4331 1186 4432 Ergo
1209 4345 1408 4430 quocunque
1431 4339 1533 4418 modo
1556 4341 1753 4431 percutiatur
1773 4359 1910 4423 nervus,
1932 4357 2033 4429 quam
2048 4338 2096 4408 ci·

570 4433 690 4504 cissam
712 4429 849 4500 formam
870 4449 980 4512 ,earvae
1002 4429 1170 4523 descriptae
1189 4432 1330 4520 induet,
1365 4453 1462 4525 atque
1492 4435 1635 4513 indicato
1672 4437 1777 4512 modo
1801 4431 1936 4512 oscillati
1960 4455 2092 4533 perget»

571 4525 856 4620 1umolqueeeere
876 4527 1017 4626 eundem
1043 4547 1158 4601 tonum
1173 4550 1283 4624 <usque
1306 4530 1348 4603 ad
1373 4530 1482 4605 linem.
1636 4535 1639 4540 '
1743 4557 1745 4562 ·

628 4655 663 4750 ς.
689 4641 1063 4751 Marcelle-cina,
1086 4651 1210 4754 in‘qua
1232 4686 1349 4744 nervus
1370 4669 1536 4763 percussus
1556 4668 1739 4764 ascillatur,
1764 4667 1966 4747 Htmomca
1987 4660 2092 4837 agemal·

2079 4802 2094 4846 ἱ

653 4949 713 5034 (a)
731 4951 1114 5042 L’liiddel'dcad.1iox.
1131 4960 1187 5030 ΔΟ.
1204 4973 1293 5042 xpee-
