4992 6767
474 1219 478 1230 ⁵
546 1281 798 1382 cneus
846 1281 1329 1383 tntcnstntunr
1381 1291 1769 1400 uocarunt:
1878 1231 1912 1406 J

827 1513 829 1518 ⁵
941 1495 949 1510 ι
1050 1521 1287 1640 Cbtqntrt'ca.

401 1821 434 1927 §-
458 1826 812 1905 MDCCCCLXVI.
834 1819 973 2006 Htec
998 1781 1071 1921 pars
1092 1833 1241 1907 scientiae
1267 1838 1334 1931 agit
1355 1834 1397 1905 de
1420 1830 1530 1918 Luce,
1555 1854 1629 1924 quae
1655 1832 1689 1901 in
1716 1827 1841 1922 specula
1865 1850 1919 1898 va·

947 1928 1063 2006 riarum
1082 1928 1260 2004 formarunt
1284 1932 1420 2016 incidit,
1434 1931 1477 2000 ab
1493 1932 1531 2002 iis
1549 1930 1713 2011 redditur,
1728 1944 1927 2017 corporum·-

398 2044 466 2117 que
490 2025 627 2097 diversas·
643 2025 802 2121 imagines
823 2022 1008 2110 speilnndas
1026 2026 1168 2099 exhibet.
1556 2095 1563 2104 .

449 2120 482 2216 q.
506 2116 867 2194 MDCCCCLXVII.
889 2114 966 2190 Lux
986 2138 1029 2191 ex
1053 2122 1183 2195 lucente
1206 2147 1381 2224 emanans,
1405 2141 1502 2215 atque
1526 2124 1559 2192 in
1582 2140 1723 2212 corpora
1739 2113 1927 2209 superficie«

398 2263 469 2318 rum
492 2267 677 2338 asperarum
702 2245 738 2318 dt
760 2243 968 2335 inaequalium
987 2244 1118 2334 illapsa,
1143 2247 1395 2335 quaquaversum
1410 2247 1569 2316 redditur:
1593 2265 1705 2317 veruta
1725 2246 1746 2314 ii
1765 2248 1798 2315 in
1815 2245 1921 2335 super·

397 2343 486 2415 ficies
512 2343 630 2433 politas
653 2344 823 2430 inciderit,
850 2340 957 2406 omnis
975 2335 1044 2405 fere
1066 2338 1107 2407 ad
1125 2338 1267 2431 aliquem
1287 2341 1397 2412 lucum
1421 2344 1654 2412 reverberatur.-

447 2460 479 2556 ς.
505 2453 894 2530 MDCCCCLXVlll.
919 2455 953 2525 Si
977 2474 1097 2546 corpus
1111 2454 1204 2527 fuerit
1222 2459 1416 2543 obscurum,
1442 2461 1483 2530 ab
1499 2459 1650 2530 anteriori
1667 2458 1833 2551 superficie
1848 2457 1925 2529 Lux

402 2556 573 2628 redditur:
607 2553 629 2623 sr
661 2573 781 2643 corpus
811 2550 1002 2640 pelluceat,
1032 2573 1055 2620 a
1076 2552 1240 2643 superficie
1265 2553 1476 2627 anteriori&
1498 2554 1666 2647 polleriori
1689 2554 1763 2628 Lux
1789 2555 1925 2648 replica»

403 2668 473 2723 utr:
498 2651 602 2721 actius
623 2646 761 2745 refulget
791 2645 974 2740 superficies
998 2650 1157 2762 anterior,¹
1189 2649 1373 2745 languidius
1396 2649 1551 2743 inferior,
1577 2653 1640 2723 five
1666 2653 1837 2744 posterior.

450 2780 482 2878 §.
509 2777 818 2854 MDCCCCLIX.
841 2777 942 2851 Lucis
958 2755 1200 2871 replicationem
1218 2802 1237 2852 a
1255 2782 1422 2871 superficie
1436 2785 1588 2854 anteriori
1605 2804 1673 2854 non
1692 2783 1927 2857 attribuendam

400 2877 466 2949 elle
488 2874 681 2967 impadliom
703 2878 737 2945 in
762 2896 937 2963 corporum
961 2897 1068 2965 partes
1094 2878 1230 2958 solidas,
1264 2877 1319 2950 sed
1350 2881 1468 2950 viribus
1488 2878 1648 2969 aliquibus
1671 2876 1928 2968 repellentibus,

400 2996 475 3067 qrae
497 2994 539 3042 ert
566 2973 760 3062 corporibus
778 2991 929 3064 exeunt,¹
944 2969 980 3042 dt
1007 2991 1094 3042 extra
1118 2972 1319 3064 superficiem
1336 2996 1533 3065 operantur,
1555 2976 1677 3047 invenit
1699 2973 1794 3046 Nob.
1820 2972 1926 3045 Neur-
2072 2977 2076 2982 “

403 3090 518 3156 tonus,
546 3064 581 3139 δι
606 3066 714 3142 multis
733 3070 930 3162 argumentis
957 3067 1153 3159 probavit(
1194 3070 1227 3160 ).

451 3163 609 3261 Quamvis
631 3163 787 3242 fateamur
810 3165 1049 3253 incompertum
1063 3159 1142 3247 elle,
1158 3163 1237 3253 quid
1253 3163 1290 3235 lit
1306 3167 1353 3235 vis
1366 3164 1547 3256 repellens,
1572 3183 1627 3236 aut
1644 3166 1711 3257 ejus
1725 3166 1816 3237 causa
1827 3188 1849 3242 ε,
1863 3164 1924 3236 suf-
2011 3241 2014 3246 ,

402 3264 470 3338 ficit
491 3284 536 3334 ¹err
558 3261 833 3333 observationibus
856 3256 982 3344 fluere,
1005 3257 1129 3349 aliquid
1144 3259 1232 3346 eile,
1276 3260 1343 3333 uod
1358 3261 1466 3333 lucem
1483 3266 1515 3332 in
1532 3283 1671 3354 corpora
1689 3259 1829 3353 illapsam
1852 3262 1927 3334 tede

403 3363 478 3447 dat,
511 3357 723 3432 refieiiatve:
758 3354 892 3427 fimilem
915 3357 982 3425 vim
1003 3356 1038 3425 in
1060 3356 1196 3426 metallis
1222 3283 1315 3442 elie,
1347 3380 1421 3449 quae
1439 3357 1566 3428 Rorem
1581 3358 1741 3448 repellat,
1774 3358 1866 3449 supra
1913 3409 1923 3432 .

407 3458 512 3529 1086.
537 3455 666 3528 abunde
691 3456 866 3524 evicimus:
891 3451 976 3521 adeo
995 3470 1030 3519 ut
1053 3451 1254 3522 manifestum
1278 3453 1337 3537 fit,
1360 3458 1394 3523 in
1417 3476 1523 3525 terum
1548 3475 1660 3524 natura
1682 3453 1745 3524 effe
1771 3457 1853 3526 vites
1874 3474 1936 3525 at·-

402 3554 565 3625 trahentes
589 3547 625 3619 δι
656 3548 879 3636 repellentes..
910 3543 1033 3615 etiamli
1057 3545 1169 3636 quales
1191 3546 1280 3632 fint,
1313 3548 1441 3639 prorsus
1463 3552 1647 3642 ignoretur,
1674 3547 1709 3618 dt
1728 3550 1812 3620 forre
1843 3550 1928 3622 sem-

402 3671 463 3742 per
487 3649 609 3742 ingenii
629 3646 761 3714 humani
780 3643 882 3713 aciem
905 3639 1085 3735 effugiturae
1112 3640 1187 3713 srnt:
1220 3646 1342 3715 ittarta
1358 3646 1445 3715 enim
1465 3644 1555 3733 sunt,
1590 3666 1792 3734 quaecunque
1814 3645 1926 3715 Philo·

405 3744 499 3835 sophi
523 3744 577 3813 hic
595 3738 896 3820 comminiscantur,
928 3738 990 3808 five
1013 3758 1152 3827 corpora
1174 3760 1193 3807 a
1216 3737 1317 3809 fluido
1340 3741 1482 3830 quodam
1506 3738 1634 3812 undoso
1662 3758 1755 3812 motu
1779 3743 1925 3828 ambiri,

405 3862 494 3913 nunc
523 3844 554 3910 in
579 3837 674 3910 radiis
697 3838 864 3906 introitum
885 3837 919 3905 in
941 3853 1100 3921 corpora,
1126 3854 1212 3905 nunc
1232 3835 1393 3925 repulsum
1420 3858 1592 3927 operante:
1618 3857 1674 3908 aut
1696 3859 1713 3907 a
1736 3840 1765 3908 vi
1786 3837 1926 3929 quadam

412 3935 559 4019 elastica,
584 3956 658 4025 quae
681 3930 858 4002 nonnul-los
877 3931 984 4002 radios
998 3947 1179 4023 regerent,
1204 3930 1285 4001 alios
1298 3935 1543 4017 transmitteret,
1568 3955 1711 4025 corpora
1722 3937 1821 4030 cingi.
1854 3933 1926 4007 lna·

404 4036 499 4107 nibus
522 4028 746 4102 coutroverfiis
770 4024 907 4113 onidis,
937 4045 1000 4095 nos
1021 4027 1129 4114 potius
1154 4026 1197 4096 ad
1219 4026 1379 4098 Newtoni
1404 4049 1593 4120 argumenta
1617 4051 1854 4101 convertamus.

460 4163 506 4214 ιν.
532 4140 621 4213 Cum
644 4141 748 4211 tenuis
773 4138 859 4210 Solis
883 4137 988 4208 radius
1011 4138 1044 4205 in
1066 4136 1189 4225 pilum,
1211 4134 1324 4217 iilum,
1349 4158 1471 4221 acum,
1505 4135 1658 4222 stramen,
1683 4140 1782 4209 aliave
1804 4157 1926 4227 corpo·

406 4262 440 4313 :a
463 4241 628 4324 illabitur,
659 4238 773 4308 umbra
797 4234 903 4313 multo
928 4232 1043 4315 latior,
1068 4252 1164 4321 quam
1190 4252 1208 4300 a
1230 4230 1324 4300 radiis
1350 4233 1552 4326 tangentibus
1575 4231 1704 4303 formari
1720 4234 1791 4324 post
1805 4255 1926 4327 corpo·

406 4360 440 4409 ra
464 4340 660 4427 oportebat,
685 4332 839 4405 efficitur:
866 4330 952 4401 idem
974 4324 1036 4410 fit,
1060 4327 1136 4399 licet
1161 4347 1338 4398 memorata
1362 4349 1501 4420 corpora
1528 4332 1609 4401 inter
1629 4334 1708 4400 vitra
1732 4332 1827 4422 plana
1843 4352 1926 4404 con·

405 4433 595 4525 eludantur,
621 4429 656 4502 dr
678 4431 720 4501 ab
740 4450 824 4517 aqua
843 4428 1040 4499 ambiantur:
1065 4424 1215 4517 adeoque
1230 4423 1287 4496 lux
1301 4424 1342 4497 ad
1358 4427 1699 4520 corporaappellens,
1724 4432 1777 4517 vi,
1794 4450 1867 4523 quae
1881 4443 1924 4499 es

406 4532 447 4601 iis
470 4529 590 4611 effluit,
614 4529 633 4598 ὲ
657 4530 708 4598 ria
731 4523 823 4599 teila
840 4523 981 4616 pellitur.
1676 4606 1680 4613 ι

461 4661 511 4712 20.
534 4640 680 4735 Quando
700 4640 756 4710 lux
778 4640 900 4711 biatutn
925 4641 1007 4709 inter
1030 4636 1207 4709 cultrorum
1229 4642 1316 4710 acies
1336 4659 1497 4730 permeat,
1522 4641 1671 4714 nonnulli
1694 4642 1773 4716 radii
1793 4642 1924 4719 trahun-

408 4759 483 4826 rur,
507 4737 560 4807 alii
583 4735 748 4808 manifesto
771 4736 986 4827 repelluntur,
1010 4733 1108 4805 velitri
1128 4735 1271 4808 conllitit
1298 4739 1331 4809 in
1355 4734 1385 4835 ς.
1416 4738 1520 4813 1826.
1549 4740 1653 4837 1827:
1681 4742 1785 4816 1828.
1887 4735 1890 4741 ’

813 4863 819 4874 ’
1821 4846 1851 4910 ⁰0
1875 4834 1926 4910 Sit

409 4951 414 4970 ³
504 4932 547 5010 ι)
566 4932 666 5015 Optit.
684 4932 753 5001 tiu.
773 4950 804 5001 ι.
823 4945 900 5016 pm·
921 4950 949 5013 s·
969 4933 996 5013 ί,
1018 4936 1046 5002 i·
1068 4931 1175 5090 ilua&
1191 4933 1279 5028 ialbr.
1298 4947 1329 5007 ιι
1795 4858 1842 4997 ³.
1988 4944 1996 4953 “’

1097 5031 1111 5087 1
1134 5032 1166 5088 rr
1188 5033 1201 5085 r
1227 5032 1251 5107 3
