4992 6767
459 703 569 810 '9qu
866 669 1029 772 ΠΕ
1161 678 1200 760 'S
1279 671 1322 760 0
1407 669 1460 758 Ν
1539 669 1595 762 0.

465 882 621 970 lamellis:
647 881 750 974 ptime
785 875 824 952 dt
853 872 991 948 secunda
1026 873 1128 944 oritur
1157 868 1358 953 acuticula,
1382 864 1423 940 du
1436 887 1512 941 ente
1528 869 1649 943 canalis
1673 874 1829 950 auditorii
1851 881 1999 976 exem

467 973 802 1160 ‘pevrffiflgvfgriostm
835 993 947 1068 quarta
978 967 1025 1044 est
1054 971 1189 1058 eadem,
1216 988 1291 1060 quae
1321 985 1491 1042 caunum
1519 973 1668 1064 tympani
1689 967 1835 1096 invellit,
1859 1001 2000 1058 notante

524 1228 557 1326 ς.
589 1221 875 1298 MMCCLXXI.
908 1219 1040 1292 Eutime
1064 1237 1122 1288 ora
1147 1216 1343 1290 membranae
1365 1221 1510 1313 tympani
1535 1223 1622 1294 ardle
1644 1221 1835 1296 adhaerescit
1857 1229 1998 1324 margini

469 1345 597 1403 meatus
622 1322 722 1408 ollelt
750 1321 785 1392 lit
806 1319 898 1390 nullo
923 1339 942 1387 a
966 1333 1078 1387 natura
1099 1311 1146 1383 est
1160 1313 1286 1406 pertusa
1302 1313 1498 1391 fomrninulo
1525 1319 1628 1416 (a),
1653 1323 1731 1394 licet
1755 1321 1897 1394 Rivinus
1917 1323 1996 1396 alle·

473 1426 602 1507 rrreritr
625 1439 769 1492 concava
793 1416 840 1487 eli
862 1437 882 1485 a
905 1431 996 1505 parte
1020 1412 1105 1482 auris
1131 1427 1298 1499 externe,
1322 1435 1470 1488 convexa
1491 1435 1511 1486 a
1534 1437 1627 1510 parte
1649 1421 1804 1492 interna:
1833 1421 1865 1488 ei
1890 1421 1997 1492 adha-

472 1525 570 1595 rescit
592 1517 819 1598 manubrium,
843 1511 887 1594 l,
912 1508 1041 1594 mallei,
1066 1508 1158 1597 quod
1180 1508 1221 1579 ad
1245 1509 1389 1584 medium
1412 1511 1481 1584 fere
1504 1519 1679 1614 pertingit:
1704 1515 1839 1588 malleus
1861 1517 1999 1592 articulo

471 1613 680 1706 conjungitur
705 1631 781 1680 cum
807 1606 947 1692 incude,
971 1609 1014 1693 k,
1039 1603 1110 1676 haec
1129 1627 1205 1678 cum
1230 1605 1366 1679 officulo
1389 1611 1535 1706 exiguo,
1559 1617 1594 1699 i,
1619 1607 1813 1700 orbiculari,
1837 1609 1997 1688 boccum

473 1707 631 1800 ssapede,
656 1729 705 1792 rr,
731 1727 870 1799 quorum
896 1725 1036 1798 quatuor
1063 1700 1270 1774 officulomm
1294 1701 1413 1800 figuras
1436 1725 1503 1778 tam
1528 1729 1570 1780 ex
1593 1707 1677 1784 foetu
1700 1731 1797 1802 quam
1810 1721 1862 1780 'ex
1884 1711 1998 1784 adulto

473 1825 625 1879 accurate
644 1805 821 1898 depinxere
844 1803 900 1876 Cl.
917 1803 1060 1874 Albinus
1080 1801 1169 1896 (i),
1194 1798 1383 1890 Cowpems
1397 1803 1476 1898 (c),
1503 1801 1540 1874 dt
1553 1803 1815 1878 Callebohmins.
1864 1805 1998 1880 Extrin-

475 1903 568 1977 iectu
590 1903 661 1976 haec
682 1901 811 1974 ollicula
835 1900 1045 1974 investiuntur
1070 1895 1235 1991 periostin.
1285 1895 1371 1969 Tres
1392 1897 1532 1972 musculi
1557 1901 1691 1976 Malleo
1720 1903 1806 1976 affixi
1837 1903 2000 1991 efficiunt,

476 2021 517 2078 nt
539 2001 726 2074 membrana
743 2003 886 2093 tympani
900 1997 1070 2082 tendatur,
1095 2015 1151 2066 aut
1167 1995 1369 2080 remittatur,
1393 1999 1590 2084 convenior,
1613 1999 1665 2072 vel
1679 2001 1811 2092 planior
1828 1999 1904 2088 fiat,
1931 2003 2001 2092 qui-

478 2097 543 2171 bus
572 2099 680 2170 modis
703 2097 903 2188 disponitur,
928 2113 966 2165 ut
985 2093 1173 2164 harmonice
1197 2113 1273 2163 cum
1300 2089 1402 2180 sono,
1427 2093 1523 2186 ipsum
1544 2093 1724 2182 allicimte,
1748 2101 2002 2183 contremiscat,

479 2215 552 2268 tum
577 2198 674 2264 etiam
698 2191 829 2263 officula
851 2195 935 2262 inter
957 2189 989 2260 se
1012 2187 1149 2260 micula
1170 2187 1282 2278 junfia
1301 2209 1492 2276 mouennu,
1513 2191 1669 2284 tendunt,
1693 2191 1876 2264 relaxantve
1892 2215 2002 2264 mem·

481 2291 620 2364 beurim
639 2287 785 2358 fenestrae
809 2285 931 2371 ovalis,
952 2289 1010 2356 cul
1036 2284 1140 2375 stapes
1160 2284 1296 2371 inlidet,
1320 2305 1475 2376 praetetet
1495 2285 1612 2358 lunilea
1631 2291 1669 2358 in
1686 2287 1771 2358 lines
1779 2287 1886 2378 stapes
1900 2311 1921 2360 a
1937 2289 2004 2360 lin·

485 2385 589 2480 pedio
613 2387 754 2480 regitur,
781 2383 950 2456 introrsum
970 2383 1004 2454 in
1026 2381 1217 2452 vestibulum
1242 2381 1378 2453 tratiust
1402 2381 1466 2452 bos
1484 2379 1712 2478 elegantidime
1734 2381 1898 2476 deltniplit
1912 2385 2012 2456 aare

480 2485 682 2557 territorum
709 2479 866 2572 Princeps
887 2481 927 2552 B.
948 2481 982 2552 S.
1010 2479 1172 2564 Albinus,
1196 2497 1379 2572 eommque
1401 2477 1494 2550 usum
1514 2479 1668 2552 indicauit
1689 2478 1786 2576 (d).
1808 2509 1811 2514 ·
2036 2483 2046 2502 '

530 2620 564 2722 ς.
590 2616 896 2694 MMCCLXXll.
922 2617 999 2691 Post
1023 2617 1189 2709 Tympani
1210 2622 1431 2707 membranam
1453 2621 1571 2698 cavitas
1594 2617 1726 2716 inlignis
1745 2617 1908 2714 sequitur,
1932 2643 2004 2716 que

482 2719 716 2812 Tympanum,
740 2717 792 2789 vel
814 2715 980 2806 Tympani
1000 2715 1118 2808 cavitas
1142 2717 1343 2810 appellatur,
1366 2717 1588 2810 sonnaturque
1605 2719 1723 2808 partim
1736 2719 1779 2788 ab
1795 2713 1863 2790 offe
1880 2717 2006 2810 squam³

481 2817 601 2900 moso,
624 2809 777 2906 petrosm
802 2805 838 2882 dt
861 2811 1048 2884 membrana
1069 2817 1213 2904 tympani
1235 2814 1445 2908 undiquaque
1465 2808 1633 2888 investitur
1651 2815 1869 2902 membrana,
1894 2813 1941 2887 eli
1964 2794 2006 2890 ir·²

484 2911 641 3008 reginario
655 2909 788 3006 ligurit,
812 2905 961 3000 elllptico
978 2913 1110 3002 corpori
1134 2910 1262 2998 srmills,
1286 2911 1519 3008 longitudinis,
1546 2907 1583 2982 dt
1600 2909 1775 2984 latitudinis
1792 2931 1932 3004 quatuor
1946 2917 2007 2986 eir·

484 3017 575 3096 citer,
588 3009 773 3081 beatum:
805 3009 841 3080 in
871 3007 937 3080 boc
968 3025 1127 3098 tympano
1152 3008 1224 3081 sunt
1247 3029 1388 3102 quantor
1406 3029 1587 3082 memorare
1610 3005 1766 3093 officula,
1792 3007 2006 3084 hasteriam

486 3109 523 3180 ln
542 3127 585 3180 eo
612 3105 739 3197 aliquot
762 3103 920 3178 foramina
939 3103 1127 3176 cellularum
1151 3105 1420 3192 malioidearum,
1444 3125 1513 3178 tum
1528 3103 1666 3178 fenestra
1683 3105 1842 3192 rotunda,
1867 3103 2003 3180 fenestra

485 3205 618 3288 ovalls,
650 3199 686 3278 &
711 3203 789 3275 tuba
808 3199 1022 3273 Eullacbiana
1048 3201 1108 3274 M.
1130 3223 1204 3294 quae
1225 3223 1267 3273 ex
1287 3203 1412 3275 duabus
1432 3201 1559 3276 constat
1576 3203 1755 3296 partibus,
1788 3223 1923 3293 quarum
1946 3203 2005 3274 illa

486 3302 531 3384 ad
548 3299 660 3374 fauces
680 3299 816 3372 tendens
841 3299 886 3370 eli
908 3298 1032 3384 latior,
1063 3318 1105 3391 es
1130 3295 1379 3372 membrana&
1405 3299 1589 3396 cartiltp'ne
1617 3301 1848 3390 componitur..
1884 3299 2004 3370 Altera

488 3401 579 3484 tubae
598 3419 673 3490 pars
700 3400 737 3468 in
753 3418 834 3468 cavo
858 3399 1004 3488 tympani
1017 3394 1186 3482 desinens,
1211 3395 1301 3470 offo
1314 3397 1382 3483 est,
1405 3395 1560 3492 angtulh,
1584 3393 1648 3467 linc
1668 3393 1822 3488 superiori
1846 3397 2002 3476 breuior,

488 3497 739 3584 concrescitque
763 3515 838 3566 urm
862 3491 949 3580 olle,
981 3493 1074 3584 quod
1088 3513 1230 3566 meanrm
1253 3495 1451 3566 auditorium
1481 3491 1666 3566 constituit-t
1696 3513 1756 3584 per
1782 3491 1871 3564 lunc
1888 3493 2008 3564 tubam

488 3593 547 3686 air
566 3613 606 3662 ex
626 3612 708 3668 cauo
732 3595 878 3684 tympani
901 3593 935 3664 in
959 3593 1025 3663 oris
1046 3593 1202 3664 internam
1224 3593 1391 3684 imamque
1415 3610 1539 3680 partem
1559 3589 1661 3664 lebete
1678 3589 1776 3673 exit,
1806 3583 1844 3660 δι
1866 3589 2009 3684 ingredi·

491 3696 545 3774 tur
572 3711 614 3762 ex
637 3711 695 3761 ore
719 3692 751 3761 in
779 3689 1009 3772 buccarum,
1041 3691 1087 3760 ita
1116 3709 1153 3761 ut
1180 3687 1327 3780 ejusdcm
1359 3687 1554 3760 clasticitttis
1585 3707 1661 3760 cum
1692 3687 1769 3758 aere
1792 3705 1929 3756 enmnm
1954 3685 2008 3757 ur:

487 3785 617 3864 idcirco
640 3787 715 3856 aere
737 3784 860 3855 sonoro
883 3787 1035 3854 exteriori
1053 3785 1256 3880 ingrediente
1275 3805 1419 3858 meatum
1436 3783 1654 3868 auditorium,
1677 3777 1892 3856 &efficimte
1906 3803 2008 3854 mem·

489 3887 629 3958 branam
652 3881 797 3968 tympani
819 3877 880 3963 G,
913 3883 1010 3950 etiam
1036 3880 1078 3950 ab
1102 3880 1195 3972 hujus
1218 3901 1361 3954 tremore
1381 3885 1415 3954 in
1441 3881 1558 3954 similes
1588 3879 1692 3954 undu
1713 3881 1932 3952 concitabitur
1954 3881 2009 3951 air

490 3979 639 4051 internus
661 3977 817 4066 tympani.
866 3975 931 4048 Sed
957 3973 1109 4050 &sonus
1134 3999 1194 4070 per
1213 4000 1328 4066 nares,
1352 4001 1413 4064 os,
1437 4003 1478 4052 ac
1492 3977 1861 4064 tubam.Eullachianrnr
1874 3979 1908 4048 in
1926 3997 2012 4064 tym-

491 4077 573 4174 pani
594 4093 709 4147 cavum
731 4073 937 4170 ingreditur:
969 4074 1049 4153 ideo
1079 4096 1137 4148 ore
1168 4075 1302 4164 blance,¹
1326 4074 1361 4149 δι
1384 4079 1524 4150 naribus
1538 4076 1656 4170 patulis
1680 4075 1748 4148 soni
1769 4073 1873 4147 mrito
1890 4073 2013 4144 clarius

491 4173 685 4258 audiuntur,
711 4193 808 4263 quam
826 4191 904 4256 ore,
927 4167 962 4244 δι
988 4172 1116 4246 naribus
1139 4172 1269 4247 dauns:
1286 4175 1448 4248 obstruere
1465 4177 1571 4261 tubi,
1596 4173 1648 4246 vel
1671 4173 1827 4247 concreti
1849 4169 2011 4242 surditatis

493 4263 532 4354 'lit
553 4270 694 4362 speciest
719 4270 818 4355 idco,
843 4268 865 4338 sr
890 4271 963 4360 quis
984 4292 1042 4342 ore
1066 4271 1212 4344 canalem
1228 4276 1355 4366 capiat,
1381 4273 1422 4344 ad
1437 4271 1528 4365 cujus
1551 4272 1688 4344 alterum
1712 4291 1889 4344 extrmrum
1903 4267 2015 4338 homo

494 4366 643 4440 submisse
666 4367 833 4458 loquitur,
857 4387 923 4437 vox
944 4389 1005 4455 os,
1029 4363 1064 4440 δι
1090 4369 1201 4444 tubam
1226 4369 1363 4468 ingrella
1378 4371 1467 4446 clare
1477 4369 1581 4444 audiri
1605 4367 1707 4458 solet,
1732 4369 1861 4442 nemine
1883 4363 2017 4436 tdlian·

496 4465 575 4538 tium
597 4465 720 4558 aliquid
740 4465 952 4556 percipiente.
1964 4537 1972 4552 ,

1638 4566 1672 4658 S.
1697 4557 2017 4636 MMCCLxxlll

498 4719 503 4730 '
571 4719 631 4794 (a)
653 4721 824 4784 Cassebebm
850 4722 886 4782 de
910 4721 989 4784 Aure
1007 4725 1103 4787 Traii.
1121 4740 1148 4799 3.
1170 4744 1238 4804 pag.
1254 4741 1301 4802 33.
1323 4725 1438 4791 lleiller
1459 4735 1489 4794 in
1512 4725 1674 4810 Compeud.
1692 4727 1833 4792 areton.
1856 4723 1934 4787 Not.
1949 4725 1998 4784 σοι

571 4799 633 4874 (b)
653 4803 756 4860 leones
779 4803 878 4863 ollium
898 4802 983 4862 soetus
1005 4807 1080 4865 Tab.
1094 4807 1144 4866 vl.
1164 4807 1225 4882 Fig.
1238 4817 1287 4878 46,
1297 4825 1345 4882 ry,
1357 4816 1407 4882 48,
1416 4829 1464 4886 49.
1475 4829 1524 4886 so,
1537 4826 1586 4882 51.

570 4877 626 4953 (c)
650 4881 818 4954 Myotomia
839 4881 995 4941 reformata
1016 4885 1090 4945 Tala.
1106 4901 1194 4944 xxvi.
1213 4888 1274 4960 lig.
1294 4905 1340 4948 ru.
1362 4903 1391 4948 v.
1413 4907 1461 4954 vr.
1482 4891 1554 4953 tlt·¹

477 5027 480 5032 Ι
571 4955 631 5037 ¹(ri)
652 4955 783 5020 Historia
796 4957 957 5022 Musculor.
978 4963 1045 5027 Lib.
1063 4979 1094 5039 a.
1115 4963 1187 5045 erp.
1205 4981 1426 5050 ananum.
