4992 6767
672 673 1564 798 macaontsaaants
1851 655 2005 830 ms*

407 909 512 983 vincia
537 901 722 976 llollandiae
744 901 908 993 adjacente
933 903 1011 972 ntati
1038 899 1237 974 Gemranico
1262 906 1320 978 aer
1343 905 1390 976 est
1412 906 1498 978 adeo
1518 906 1634 978 salibus
1659 903 1775 993 soetus,
1809 927 1846 980 ut
1865 911 1928 984 ser·

406 1026 478 1078 tuan
500 1025 563 1074 una
585 1002 681 1072 node
707 998 763 1068 sub
787 1001 864 1081 dio,
890 1017 945 1068 aut
967 1003 1000 1068 in
1022 997 1128 1088 pluvia
1149 1000 1312 1089 positum,
1337 1003 1412 1092 plus
1429 1006 1585 1100 rubiginis
1611 1005 1807 1089 contrahat,
1832 1027 1928 1094 quana

401 1105 535 1268 {integro
563 1097 673 1168 seculo
695 1097 730 1166 in
753 1095 951 1168 Germania:
975 1093 1069 1166 ferrei
1086 1094 1198 1166 clathri
1222 1097 1343 1188 Leydae
1358 1119 1433 1170 ante
1453 1101 1538 1172 aedes
1555 1101 1652 1193 posti
1667 1104 1722 1174 vix
1744 1120 1803 1193 50.
1827 1122 1930 1175 annos

430 1217 533 1268 urant.

463 1293 499 1365 ln
523 1291 716 1384 quibusdam
744 1290 934 1385 regionibus
950 1291 1113 1360 Americae
1131 1289 1239 1365 adrem
1267 1291 1355 1364 tanti
1378 1293 1477 1384 copil
1501 1292 1610 1366 salium
1635 1294 1727 1367 suilse
1752 1296 1925 1386 refertutn,

401 1409 442 1464 ut
464 1391 592 1460 metalla
613 1389 653 1459 ab
676 1391 714 1457 iis
737 1407 889 1476 corrupta
905 1387 1014 1482 digitis
1031 1390 1157 1457 conteri
1181 1393 1406 1478 potuerint,a
1431 1389 1532 1461 Colla
1555 1413 1650 1462 autor
1674 1393 1720 1463 est
1746 1393 1766 1488 (
1808 1395 1842 1488 ).

455 1487 494 1558 ln
510 1486 621 1558 lnsulis
636 1485 800 1556 Azoaibus
817 1485 949 1564 adrem,
969 1481 1002 1553 δι
1020 1503 1153 1554 ventum
1174 1483 1239 1554 else
1259 1487 1488 1570 menonem,
1512 1508 1548 1558 ut
1563 1486 1680 1558 ferreas
1700 1490 1833 1561 laminas
1854 1493 1926 1562 bre·

401 1588 436 1658 vi
457 1604 604 1674 tempore
627 1581 772 1665 exedat,
805 1580 994 1672 redigetque
1020 1583 1053 1647 in
1077 1580 1275 1668 pulverem,
1309 1581 1468 1654 Varenius
1493 1586 1617 1655 nonsit
1642 1584 1728 1679 (l).
1768 1585 1927 1680 Praecipui

402 1681 492 1753 Sales
514 1683 594 1752 adrii
616 1677 686 1750 sunt
704 1675 828 1748 Matrix
845 1671 952 1758 Nitri,
977 1671 1127 1762 Vitrioli,
1154 1675 1338 1761 Aluminis,
1371 1678 1425 1749 Sal
1448 1682 1619 1751 marinum.

450 1776 574 1848 Natura
608 1795 715 1847 autem
737 1772 858 1865 praebet
880 1771 1044 1864 ingentem
1072 1773 1202 1862 copiam
1227 1771 1309 1842 Salis
1326 1775 1478 1846 mirabilis
1493 1773 1680 1863 Glauberi‚
1712 1799 1788 1850 carn
1815 1777 1926 1866 fluvii,

403 1871 438 1946 bu
461 1875 548 1946 lacus
575 1877 608 1944 in
630 1868 749 1942 Rulstae
771 1869 910 1958 imperia
931 1867 1017 1937 hunc
1038 1865 1145 1938 Salem
1168 1870 1377 1953 contineant,
1403 1870 1592 1941 observante
1610 1871 1787 1945 Gmelino:
1817 1875 1928 1965 paffita

400 1975 488 2042 enim
514 1973 610 2042 obvia
632 1970 705 2041 sunt
726 1967 800 2038 loca
821 1964 889 2034 salis
907 1966 1075 2058 aspergine
1103 1962 1278 2049 soecunda,
1306 1959 1455 2035 &multi
1477 1969 1573 2036 etiam
1597 1967 1707 2052 lacus,
1734 1969 1861 2042 servore
1877 1972 1928 2064 :a-

399 2065 485 2140 statis
508 2068 674 2146 exsecari,
708 2061 749 2132 sal
770 2065 805 2133 in
835 2059 939 2131 fundo
962 2061 1209 2151 relinquentes,
1235 2060 1328 2150 quod
1350 2061 1452 2131 multa
1474 2060 1570 2132 Natri
1594 2063 1713 2133 indicia
1737 2067 1875 2153 praebet.

450 2164 532 2235 Sane
553 2161 686 2231 alcalina
711 2157 862 2245 indoles,
888 2158 938 2227 vel
964 2158 1082 2226 exinde
1103 2160 1199 2225 eriam
1221 2175 1330 2243 patet,
1370 2157 1616 2246 quodquidam
1640 2161 1723 2229 inter
1747 2159 1808 2230 hos
1827 2160 1927 2234 Sodae

396 2260 491 2334 instat
513 2258 650 2330 odorem
675 2254 895 2344 sulphureum
923 2253 1041 2338 spirent
1067 2250 1155 2341 (c).
1218 2247 1343 2319 Verum
1369 2252 1403 2319 in
1425 2252 1503 2322 aete
1525 2271 1660 2342 quoque
1686 2256 1842 2325 natabunt
1865 2256 1927 2328 ho·

397 2379 469 2431 rant
478 2353 587 2424 salium
598 2352 682 2420 acidi
690 2350 849 2435 Spiritus,
868 2365 908 2412 ex
916 2345 1081 2412 montibus
1094 2343 1259 2415 Vulcaniis
1268 2365 1561 2438 erumpentes,aut
1576 2348 1617 2419 ab
1634 2350 1710 2443 igne
1721 2348 1927 2423 subterraneo

398 2455 477 2526 binc
509 2447 584 2517 inde
617 2442 790 2534 produdli:
825 2460 893 2509 tum
917 2437 1046 2508 acidum
1069 2459 1186 2534 vagum
1213 2437 1408 2513 fontium&
1432 2442 1646 2530 sodinamm‚
1680 2445 1771 2535 quod
1792 2448 1926 2519 vitrioli-

400 2569 476 2620 cum
505 2542 569 2612 else
597 2540 749 2619 videtur,
783 2538 829 2605 uti
860 2538 902 2606 ab
936 2534 1085 2606 hodierni
1117 2539 1273 2627 temporis
1305 2536 1473 2612 Chemicis
1494 2539 1704 2636 agnoscitur:
1737 2564 1814 2613 cum
1837 2547 1927 2615 enim

403 2641 520 2715 Hellot
545 2639 670 2708 urinam
691 2632 901 2716 exsecante,
924 2627 960 2702 ds
984 2632 1053 2703 a'e'ti
1079 2631 1204 2722 aliquot
1227 2633 1388 2706 menstbus
1409 2636 1586 2730 expostam
1608 2638 1846 2726 conservasset,
1880 2639 1926 2710 sa·

401 2741 466 2811 lem
492 2733 648 2806 Glauberi
671 2730 825 2826 collegit,
851 2730 929 2801 inde
944 2727 1167 2809 concludens,
1187 2730 1221 2798 in
1238 2730 1313 2800 aire
1330 2726 1458 2799 acidum
1480 2733 1544 2799 esse
1564 2731 1795 2818 Vitriolicum‚
1830 2737 1923 2826 quod

397 2851 476 2908 cuna
501 2833 563 2904 sale
587 2833 687 2900 urinae
711 2833 837 2898 unitum
859 2825 920 2898 suit
941 2827 981 2896 ad
1004 2823 1111 2897 Salem
1138 2821 1295 2894 Glauberi
1319 2822 1537 2896 formandum.
1590 2825 1748 2896 Praeterea
1762 2831 1795 2897 in
1814 2835 1917 2902 atroci

401 2929 588 3022 tempestate
620 2927 708 2995 Anni
748 2943 851 3015 1735.
883 2924 1025 3015 pluviam
1057 2926 1091 2991 in
1116 2920 1194 2990 loco
1218 2921 1310 2991 edito
1334 2924 1525 3012 patentique
1542 2920 1709 3018 collegit,
1742 2922 1813 2993 haec
1840 2925 1925 2995 odo·

399 3048 469 3100 rem
495 3021 711 3112 sulphureum
736 3019 855 3107 spirans
878 3019 1098 3107 praecipitabat
1122 3015 1234 3086 oleum
1259 3016 1356 3086 calcis
1381 3021 1415 3087 in
1439 3016 1543 3087 sorma
1566 3018 1726 3112 coaguli,
1760 3020 1868 3091 stmilis
1883 3042 1921 3092 ac

400 3123 520 3206 lieret,
556 3119 577 3188 si
603 3117 728 3208 spiritus
763 3111 890 3200 Vitrioli
914 3113 1008 3182 valde
1032 3113 1152 3180 dilutus
1177 3109 1295 3181 allusus
1318 3109 1434 3181 suisset.
1497 3112 1557 3182 Cl.
1584 3111 1702 3182 Gtolse
1724 3118 1757 3185 in
1782 3115 1922 3205 pluvia,

400 3243 498 3311 quam
521 3235 670 3304 tempore
691 3208 845 3303 procellae
867 3207 1061 3302 collegerat,
1086 3205 1193 3276 Salem
1218 3205 1342 3277 Tartari
1366 3206 1479 3293 solvit,
1506 3206 1675 3280 Tartarum
1685 3213 1859 3301 ·-recipiens
1874 3215 1922 3284 vi·

400 3316 561 3390 uiolatum
588 3311 681 3405 (d).

451 3450 522 3520 19⁰·
548 3425 664 3496 Tetrae
681 3444 814 3511 quoque
828 3469 839 3501 ‚
855 3418 891 3487 dt
914 3439 1020 3489 arenae
1040 3417 1176 3492 volitant
1197 3419 1231 3486 in
1249 3435 1369 3497 auras,
1402 3409 1527 3485 &sunt
1553 3437 1612 3508 pet
1634 3417 1741 3490 adrem
1764 3416 1849 3490 adeo
1869 3419 1920 3491 di·

398 3529 560 3604 llributae,
585 3539 622 3588 ut
645 3514 799 3604 quaelibet
821 3513 929 3601 pluvia
954 3513 1080 3597 semper
1101 3509 1202 3606 multa
1223 3529 1322 3602 grana
1345 3509 1445 3577 sabuli
1459 3513 1647 3597 contineat,
1673 3512 1790 3600 quibus
1807 3518 1920 3604 nequit
1972 3523 1976 3530 '

400 3619 552 3714 purgari,
572 3613 634 3683 nist
656 3609 831 3679 destilletur
851 3623 918 3675 arte
940 3603 1086 3675 chemica
1105 3624 1115 3668 a
1132 3601 1194 3672 ¹sed
1207 3621 1337 3672 montes
1353 3601 1501 3672 ardentes
1517 3608 1683 3696 praecipue
1706 3623 1855 3702 magnam
1871 3614 1919 3679 ei·

399 3734 514 3791 netum
528 3710 666 3799 -copiam
686 3722 843 3774 evomunt
865 3705 898 3772 in
923 3701 1043 3785 altum,
1071 3701 1128 3790 qui
1152 3698 1192 3768 ad
1209 3717 1347 3769 centena
1371 3696 1515 3768 mssliaria
1529 3701 1563 3771 in
1577 3703 1651 3770 adre
1668 3700 1918 3792 provolvuntur:

400 3834 478 3888 curn
503 3828 544 3877 ex
572 3803 678 3876 AEma
698 3799 818 3873 Sieiliae
839 3800 964 3868 eineres
984 3797 1135 3867 dicuntur
1155 3795 1350 3885 Byzantium
1374 3814 1478 3884 usque
1492 3799 1677 3868 transvedli:
1703 3796 1847 3889 Neapoli
1865 3801 1921 3871 sae·

400 3934 444 4006 pe
470 3908 562 3977 strata
584 3903 704 3974 viarum
726 3896 768 3968 ad
790 3895 913 3985 aliquot
936 3892 1093 3984 pollicum
1113 3888 1314 3962 altimdinem
1332 3892 1523 3976 cineribus,
1558 3914 1643 3984 quos
1665 3892 1821 3966 Vesuvius
1843 3918 1921 3969 evo·

402 4009 501 4090 mult,
527 4015 695 4095 teguntur:
709 3997 789 4078 ,imo
810 3991 844 4060 hi
869 3993 994 4062 cineres
1018 4008 1255 4081 nonnunquam
1279 4008 1366 4059 tanta
1387 3987 1480 4079 ejedi
1501 3989 1574 4060 sunt
1600 3994 1715 4083 copia,
1743 4012 1778 4062 ut
1799 3996 1918 4065 obrue.

402 4108 467 4178 rint
500 4099 627 4177 urbes,
658 4088 758 4162 veluti
782 4084 976 4158 Heracleam
1000 4083 1042 4156 ad
1066 4084 1269 4156 altitudinem
1301 4085 1360 4156 68.
1385 4085 1524 4174 pedum:
1539 4087 1607 4156 imo
1635 4092 1759 4158 cineres
1783 4087 1913 4160 vesuvii

400 4198 533 4293 projesli
547 4193 616 4263 sunt
632 4187 777 4258 Romam
791 4181 939 4275 usque&
950 4183 1052 4266 ultra,
1068 4201 1136 4251 turn
1152 4184 1184 4251 in
1200 4180 1367 4266 Africam,
1384 4177 1418 4249 δι
1434 4179 1643 4275 AEgyptum,
1660 4184 1802 4254 tradente
1818 4181 1912 4258 Dion

399 4296 520 4369 Callia.
564 4287 702 4361 Cineres
726 4303 768 4355 eat
793 4301 908 4353 monte
932 4279 1082 4353 Pemano
1099 4277 1268 4372 Cotopaxi
1292 4276 1388 4348 delati
1409 4274 1481 4350 sant
1502 4281 1536 4352 itt
1561 4300 1649 4354 mare
1666 4278 1837 4374 pacificum
1854 4280 1914 4352 80,

1268 4411 1274 4420 ’
1838 4376 1920 4449 mil·'

471 4583 529 4657 (a)
550 4579 667 4659 Josepb.
685 4593 702 4636 a
723 4573 808 4635 Colla
827 4570 903 4637 lilst.
924 4570 1033 4634 Indlar.
1056 4567 1159 4632 Occid.
1178 4570 1245 4633 Lib.
1268 4587 1296 4649 3.
1320 4569 1390 4650 Cap.
1410 4586 1440 4645 9.
1485 4580 1489 4588 '

471 4662 531 4733 (b)
552 4655 673 4717 Varenii
693 4655 803 4730 Geogr.
823 4654 888 4714 Lib.
914 4669 941 4712 1.
965 4652 1035 4730 Cap.
1061 4667 1106 4725 ¹9·
1128 4651 1155 4728 ς.
1175 4667 1226 4724 41.

474 4737 532 4814 (e)
553 4734 669 4795 Gmelln
690 4733 776 4792 Flore
796 4732 917 4791 Sibirica
938 4731 1028 4794 Tom.
1052 4749 1078 4792 1.
1101 4747 1167 4809 pag.
1187 4742 1315 4793 xlviii.
1431 4797 1434 4802 ,

480 4814 540 4895 (d)
559 4809 671 4893 L’llill.
690 4808 727 4871 de
747 4809 858 4875 l'Acad.
882 4811 961 4888 llos.
981 4810 1035 4874 Ao.
1053 4825 1138 4890 ηπ.
1227 4835 1229 4840 ·

1128 4939 1132 4946 ’
1177 4919 1381 5036 deceat
