4992 6767
716 694 761 780 D
842 689 882 775 u
1021 689 1073 776 a
1135 691 1194 781 u
1277 696 1317 782 a
1397 695 1446 782 u.
1768 707 1852 814 aas

329 899 363 963 in
392 893 551 984 recipiens
576 886 688 960 denuo
709 890 844 979 irrepat,
869 885 971 956 orimr
991 905 1106 957 mucor
1129 890 1163 959 in
1185 891 1389 982 corporibus.
1441 886 1580 961 Nullum
1605 891 1712 963 semen
1740 896 1773 964 in
1795 917 1850 965 va-

328 1009 394 1060 cuo
419 1010 511 1060 terrae
535 984 759 1070 commiilum,
785 981 1025 1067 humectatum,
1049 981 1218 1078 fotumque
1243 992 1429 1084 germinat,
1453 985 1553 1058 veluti
1578 988 1636 1061 sub
1660 992 1718 1060 dio
1744 989 1849 1082 (a)=

330 1090 398 1158 imo
423 1109 538 1156 omnes
561 1083 733 1174 plantula,
758 1081 808 1151 vel
824 1082 928 1150 musci
945 1083 1071 1150 minimi
1087 1078 1227 1169 suerint,
1252 1085 1303 1155 vei
1317 1084 1473 1176 aquatiles
1497 1087 1601 1182 algae,
1626 1089 1659 1158 in
1686 1085 1786 1166 ioco,
1809 1105 1851 1157 ex

330 1204 398 1274 quo
421 1185 509 1254 abest
534 1183 620 1267 ner,
651 1200 706 1251 aut
729 1180 786 1250 ubi
807 1178 893 1247 idem
916 1176 1038 1248 alliduo
1064 1177 1236 1276 stagnans,
1269 1204 1332 1253 nec
1355 1202 1525 1254 renovatus
1548 1187 1714 1274 quiescit,
1748 1182 1852 1253 statim

330 1282 510 1351 moriuntur
535 1280 614 1374 (b).
666 1275 755 1370 Nam
780 1279 813 1347 in
840 1272 1021 1366 plantamm
1043 1279 1202 1350 omnibus
1222 1281 1367 1370 parribus
1393 1277 1464 1351 sunt
1494 1278 1565 1350 vasa
1594 1281 1724 1352 succum
1752 1281 1853 1350 nutri·

331 1381 411 1447 tium
437 1379 622 1467 recipientia
648 1371 684 1444 dr
707 1373 857 1444 vehentia
876 1395 896 1450 ,·
911 1371 972 1441 alia
998 1372 1069 1443 sunt
1090 1377 1217 1459 aerea,
1241 1375 1302 1446 alia
1327 1374 1397 1446 sunt
1423 1376 1632 1464 perspimntia·
1653 1376 1720 1448 dcc.
1736 1395 1754 1445 .·.
1773 1379 1848 1464 sir,

331 1476 387 1566 qui
406 1474 474 1544 vasa
490 1477 602 1556 adres,
629 1471 691 1543 five
706 1471 739 1541 in
760 1470 867 1551 foliis,
893 1469 1005 1552 caule,
1030 1469 1158 1559 stipite,
1183 1469 1433 1556 ramis,.radice
1458 1470 1656 1562 perfluit,·a
1679 1474 1788 1545 calore
1804 1476 1856 1546 di·

331 1571 465 1652 lutatus,
490 1573 560 1641 vasa
582 1569 636 1640 sua
659 1567 875 1660 expandens,
900 1568 1089 1653 comprimit
1111 1568 1172 1636 alia
1190 1569 1376 1653 succisura,
1408 1568 1540 1639 valvulis
1571 1571 1720 1640 inllrucia
1736 1570 1857 1641 efficit·

332 1691 413 1760 que,
444 1690 478 1738 ut
496 1668 606 1739 succus¹
624 1670 656 1737 in
670 1667 827 1736 'omnibus
850 1658 968 1750 plantae
991 1662 1134 1750 partibus
1150 1685 1383 1753 promoveatur
1399 1685 1465 1736 tani
1478 1666 1731 1759 adscendentis,
1758 1688 1857 1755 quam

331 1766 581 1838 descendendo:
604 1765 660 1836 air
677 1762 828 1857 asrigore
846 1755 1060 1828 condensatus
1083 1759 1204 1839 efficit,
1230 1780 1267 1829 ut
1288 1764 1358 1830 vasa
1385 1762 1536 1832 soccifera
1550 1786 1619 1834 non
1637 1769 1858 1854 compriman-

333 1881 412 1945 tur,
438 1862 615 1954 succusque
642 1860 803 1932 liberrime
826 1856 997 1943 recipiatur
1023 1875 1065 1922 ex
1089 1857 1220 1936 radice,
1245 1856 1381 1944 stipite,
1407 1855 1509 1926 foliis:
1536 1860 1699 1948 ideoque,
1729 1863 1749 1930 fi
1775 1863 1857 1949 aer,

332 1963 390 2050 qui
414 1960 550 2031 tracheis
573 1958 678 2042 inest,
705 1975 825 2047 easque
847 1949 1007 2043 perfluit,
1034 1952 1164 2022 alternis
1191 1954 1315 2023 vicibus
1341 1952 1514 2034 dilatetur,
1540 1952 1575 2022 dt
1600 1957 1856 2050 constringatur,

332 2056 477 2146 liquores
500 2061 533 2126 in
551 2057 622 2126 aliis
646 2055 724 2124 vasis
744 2051 979 2127 movebuntur,
1006 2046 1172 2139 &planta
1199 2051 1304 2126 vivet,
1329 2069 1366 2122 ac
1392 2050 1523 2142 vigebit.
1573 2050 1662 2119 Cum
1688 2072 1797 2123 autern
1822 2058 1857 2126 in

330 2174 433 2225 vacuo
458 2152 504 2222 eli
526 2153 662 2241 planta,
690 2152 745 2221 a'e‘r
767 2171 806 2219 eit
833 2147 970 2218 tracheis
997 2146 1120 2222 exivit,
1145 2143 1241 2212 cellar
1262 2144 1383 2214 alterna
1407 2144 1553 2213 vasorum
1579 2147 1751 2217 abre-orum
1778 2149 1859 2218 dila·

332 2252 433 2340 tatio,
461 2249 496 2318 ἃ
521 2252 724 2328 contradiio,
750 2246 913 2326 cessatque
931 2240 1022 2307 iimul
1038 2242 1071 2304 in
1099 2239 1253 2306 omnibus
1271 2240 1425 2322 partibus
1450 2238 1612 2323 liquorum
1638 2248 1858 2334 vegetantium

331 2365 469 2427 motus,
501 2344 704 2411 &alimenti
730 2333 910 2404 allrmilatio
931 2333 963 2398 in
991 2347 1096 2418 partes
1122 2330 1245 2412 duras,
1280 2331 1355 2404 imo,
1375 2330 1424 2401 hae
1450 2353 1520 2402 non
1544 2336 1681 2423 amplius
1707 2344 1856 2431 compin-

331 2461 470 2538 guntur,
497 2436 551 2505 sed
576 2434 742 2514 laxantur,
767 2434 969 2516 moriturque
995 2427 1114 2517 planta.

382 2533 507 2605 Verum
532 2531 649 2620 plantae
672 2550 713 2599 err
738 2528 808 2597 aliis
833 2526 911 2594 vafis
935 2525 996 2594 live
1019 2522 1196 2610 foliorum,
1220 2524 1364 2612 florum,
1388 2548 1574 2616 ramomm,
1600 2531 1740 2622 stipitum
1756 2532 1858 2623 pluri·

334 2652 410 2704 mos
435 2632 589 2700 humores
610 2623 795 2697 animalium
816 2621 911 2694 instar
932 2621 1125 2712 perl'pirant:
1151 2623 1304 2694 humores
1325 2624 1358 2693 hi
1383 2627 1489 2696 a'e'rcm
1517 2629 1686 2712 inficiunt,
1712 2651 1856 2720 eumque

334 2727 539 2818 respirationi
560 2728 705 2815 ineptum
728 2720 865 2792 faciunt:
892 2741 1025 2808 quoque
1049 2720 1107 2791 aer
1129 2720 1185 2790 diu
1206 2722 1355 2812 stagnans
1380 2726 1414 2790 in
1441 2726 1620 2811 tepidario,
1645 2726 1751 2797 aliove
1777 2728 1856 2801 loco

333 2825 477 2895 inlicitur
497 2824 634 2892 humore
654 2827 695 2889 eri
722 2820 840 2908 plantis
864 2817 1042 2905 exspirato,
1069 2821 1214 2905 impurus
1233 2817 1297 2904 jam
1324 2815 1402 2898 aer,
1427 2817 1478 2885 vel
1504 2824 1618 2906 nequit
1642 2824 1769 2914 ingredi
1795 2845 1858 2894 tra·

333 2920 453 2999 cheas,
477 2918 529 2988 vel
551 2938 605 2984 eas
628 2915 785 2997 obstruit,
810 2917 1012 2998 moriturque
1038 2912 1174 3000 planta:
1200 2915 1277 2982 ideo
1304 2911 1509 3003 botanophili
1537 2936 1687 2986 tenentur
1710 2917 1860 3008 frequen·

333 3033 383 3088 ter
405 3016 529 3105 aperire
551 3011 704 3101 tepidaria
726 3010 777 3078 vel
803 3007 1046 3096 hybernacuia,
1079 3029 1114 3079 ur
1137 3030 1241 3082 novus
1267 3028 1434 3099 purusque
1458 3013 1513 3080 a'e’r
1544 3014 1769 3105 ingrediatur,
1801 3036 1859 3086 an·

334 3116 444 3202 tiquus
461 3116 669 3199 impurusque
691 3106 810 3176 evolet.
1568 3115 1572 3120 ’

383 3207 516 3279 Altema
539 3208 636 3301 igitur
660 3204 840 3273 contremo
868 3198 903 3272 dc
927 3201 1179 3275 dilatationem
1209 3206 1242 3274 in
1280 3204 1459 3294 plantarum
1486 3203 1651 3276 canalibus
1676 3207 1720 3276 ess
1747 3230 1861 3280 neces·

334 3306 410 3379 saria
433 3306 473 3374 ad
495 3304 765 3398 vegetationem,
800 3299 922 3371 sublata
954 3324 1009 3371 aut
1039 3303 1106 3370 fere
1139 3300 1265 3373 sublati
1296 3300 1416 3370 alterni
1448 3304 1672 3373 contradlione
1697 3304 1775 3373 licet
1801 3305 1858 3377 sub

334 3404 421 3488 dio,
447 3401 565 3493 plantae
590 3402 672 3479 vix,
694 3417 750 3467 aut
769 3418 837 3467 non
859 3404 994 3491 vigent:
1028 3400 1105 3468 ideo
1128 3400 1161 3466 in
1185 3395 1268 3468 locis
1294 3395 1491 3478 Polaribus,
1516 3403 1550 3468 in
1576 3401 1695 3487 quibus
1720 3423 1787 3471 nox
1810 3399 1859 3472 est

336 3499 542 3594 longissima.
568 3493 602 3563 dt
625 3493 693 3561 sere
720 3495 754 3560 6.
778 3493 954 3572 mensium,
978 3496 1111 3561 arbores
1126 3514 1195 3560 non
1214 3514 1386 3574 crescunt,
1412 3492 1447 3560 &
1472 3515 1546 3583 quae
1570 3516 1743 3581 creseunt,
1768 3497 1860 3569 fruti,

336 3618 393 3666 ces
416 3593 543 3683 pulillas
568 3591 678 3678 potius
702 3589 887 3670 imitantem
912 3588 965 3654 vix
988 3607 1122 3675 quoque
1148 3587 1222 3656 ullae
1250 3590 1296 3655 ibi
1319 3592 1430 3679 vigent
1451 3587 1575 3658 herbae.

387 3691 546 3762 Praeterea
569 3688 624 3755 adr
644 3683 691 3753 eil
718 3681 900 3752 vehiculum
926 3680 1085 3754 Oleorum
1113 3681 1148 3750 dt
1173 3681 1324 3766 Salium,
1356 3703 1431 3770 que
1456 3704 1531 3753 cunr
1557 3686 1648 3774 aqui·
1665 3689 1859 3773 miscentur,

332 3787 600 3876 constituuntque
624 3780 802 3870 plantarum
830 3777 957 3849 succum
982 3782 1171 3861 nutritium;
1194 3778 1248 3848 hic
1277 3779 1389 3847 succus
1408 3802 1484 3850 cum
1509 3784 1584 3852 aere
1608 3781 1734 3854 calente
1750 3786 1860 3858 mistus

332 3903 535 3968 attenuatur,
563 3899 597 3948 ut
618 3874 687 3946 vasa
699 3875 852 3965 radicum
872 3874 1048 3945 tenuiilima
1074 3873 1225 3969 ingredi,
1252 3872 1287 3946 dc
1314 3874 1439 3966 plantas
1463 3881 1584 3950 nutrire
1608 3899 1719 3970 queat.

382 4019 416 4108 ς.
441 4010 706 4086 MMCLXXll.
733 4006 771 4079 In
793 4008 871 4079 a'e‘re
892 4011 963 4080 sunt
985 4013 1080 4100 aquei
1107 4032 1274 4099 vapores,
1299 4032 1387 4080 nunc
1412 4013 1604 4104 parciores,
1630 4035 1718 4086 nunc
1743 4016 1860 4104 copio-

334 4117 454 4196 liores,
475 4134 559 4201 quos
573 4108 749 4204 colligere,
776 4102 958 4178 &cernere
977 4107 1073 4192 licet,
1099 4107 1232 4196 quando
1247 4108 1361 4200 lagena
1375 4109 1498 4188 vitrea,
1524 4109 1643 4196 plena,
1667 4109 1718 4180 vel
1736 4113 1856 4196 vacua,

336 4235 378 4285 ex
393 4209 473 4282 celli
488 4208 601 4306 frigida
616 4206 775 4279 inlocum
791 4203 949 4274 calentem
966 4224 1133 4294 portatum
1160 4203 1355 4273 extrinsecus
1381 4205 1469 4273 enim
1495 4203 1585 4273 illico
1599 4203 1790 4274 adhaerescit
1807 4227 1861 4276 va·

335 4331 399 4403 por
423 4327 566 4398 aqueus,
591 4307 649 4395 qui
674 4325 714 4374 ex
729 4302 814 4373 aere
838 4301 904 4372 huc
926 4299 1112 4372 transfertur
1133 4303 1174 4371 ab
1198 4303 1301 4394 igne,
1335 4300 1575 4372 adhaerescente
1599 4301 1728 4372 humori
1754 4302 1857 4389 aeris,

337 4406 376 4477 dt
399 4404 614 4495 aequilibrium
637 4399 797 4472 affedanti
823 4403 855 4469 in
877 4398 1075 4494 frigidiorem
1094 4398 1240 4494 lagenam
1256 4399 1378 4488 irrepit.
1430 4397 1563 4468 Plurimi
1580 4420 1716 4488 vapores
1731 4402 1763 4470 in
1780 4399 1860 4472 a'cre

338 4500 447 4574 calido
472 4500 665 4585 sustentari,
699 4499 794 4588 pauci
818 4499 850 4567 in
872 4498 945 4568 aire
969 4494 1089 4591 frigido
1110 4493 1251 4586 poliunt.
1302 4495 1399 4584 Aqua
1422 4515 1530 4566 autern
1557 4499 1591 4566 in
1617 4503 1718 4588 poros
1740 4519 1859 4590 corpo·

338 4620 413 4680 rum
435 4595 661 4688 vegetabilium
684 4592 718 4666 dc
741 4595 927 4666 animalium
947 4598 1131 4686 ineptam,
1165 4613 1272 4686 partes
1298 4613 1474 4680 removet,
1498 4591 1638 4680 relaxat,
1673 4593 1858 4667 tumefacirr

295 4699 304 4716 ⁸
1761 4692 1859 4764 adeo·

412 4823 468 4900 (al
491 4827 647 4888 Comment
675 4835 790 4890 Bonan.
812 4831 902 4890 Tum.
927 4849 954 4903 3.
976 4850 1043 4908 pag.
1061 4850 1111 4907 42.
1134 4829 1161 4893 dt
1181 4847 1245 4908 pag.
1265 4847 1329 4904 152.

413 4908 474 4982 (b)
496 4909 646 4966 lioethave
675 4909 795 4967 Chettaia
824 4908 883 4968 Vol
917 4927 942 4968 1.
971 4927 1035 4987 pag.
1058 4920 1127 4986 με.
1156 4910 1183 4971 la
1212 4910 1304 4974 Court
1334 4911 1503 4991 byzondtle
1531 4911 1760 4986 :wacchingen
1784 4905 1859 4962 am

489 4986 691 5066 Landhupzeu
714 4989 832 5053 tiiotk
851 5002 951 5068 acap.
970 5006 1035 5078 pag.
1054 5007 1124 5072 asp.
1644 5043 1647 5050 .

632 5099 640 5112 ’
991 5093 993 5098 ·
1161 5068 1373 5161 Xxxxx'·'3
