4992 6767
597 679 1538 783 ‘chisGliNERALrBUs
1762 697 1856 804 'etp

317 894 396 968 ium
416 890 474 968 sub
493 886 598 962 forma
617 882 703 959 lucis
721 907 790 960 non
814 886 954 977 amplius
975 890 1105 980 prodire
1124 908 1243 983 queat,
1268 886 1319 958 vel
1335 891 1444 979 potius
1468 886 1549 958 nihil
1573 881 1654 976 lucis
1680 887 1842 970 inueniat,

326 1011 424 1082 quam
443 985 595 1080 expellat.
644 984 721 1057 Lux
737 987 836 1082 igitur
857 1006 877 1054 a
899 982 1074 1082 frigore&
1099 989 1206 1059 calore
1231 984 1392 1056 afficitur:
1419 1007 1493 1055 narn
1518 1007 1537 1054 a
1561 973 1681 1079 frigore
1706 983 1747 1052 ad
1772 984 1845 1052 nul·
1907 1053 1910 1057 ,
1943 1023 1950 1037 x

282 1133 285 1140 -
328 1087 394 1158 lunt
413 1088 554 1157 nitorem
578 1083 750 1180 redigitur:
775 1082 923 1155 acalore
946 1084 988 1154 ad
1009 1089 1145 1157 nitorem
1168 1083 1309 1175 pellitur.
1361 1102 1411 1173 3⁰·
1435 1082 1592 1153 Praeterea
1616 1080 1691 1151 Lux
1706 1081 1747 1149 ab
1764 1079 1844 1174 Igne

326 1179 451 1256 differre
473 1181 625 1267 videtur,
649 1180 831 1275 quia'ignis
851 1181 893 1249 ab
917 1179 995 1250 oleo
1014 1182 1135 1269 alitur,
1160 1180 1253 1273 quod
1276 1178 1370 1249 trahit
1393 1179 1583 1277 colligitque
1611 1182 1735 1274 ignem:
1763 1197 1845 1248 con·

325 1298 372 1350 tta
395 1300 497 1351 omne
522 1280 717 1371 principium
739 1275 887 1347 oleosum
909 1276 1098 1367 liquidum,
1129 1278 1292 1369 inprimis
1323 1277 1502 1361 Animale,
1535 1277 1558 1347 fi
1584 1299 1653 1350 non
1678 1277 1846 1370 extinguat

323 1375 455 1460 lucem,
482 1375 592 1448 saltem
612 1375 762 1459 hebetat,
788 1374 844 1444 nisi
866 1371 986 1468 frigore
1010 1377 1212 1459 induruerit,
1237 1372 1424 1444 observante
1451 1375 1607 1445 Reccario
1633 1372 1722 1468 (a).
1772 1374 1846 1443 lnro

324 1474 406 1546 radii
426 1472 512 1545 Solis
528 1495 596 1546 non
620 1494 718 1568 egent
743 1472 886 1565 pabulo,
912 1471 946 1540 dt
969 1476 1002 1543 in
1029 1469 1225 1565 recipiente,¹
1251 1493 1293 1542 ex
1318 1492 1385 1561 quo
1412 1475 1480 1543 Aer
1503 1471 1672 1542 exhaustus
1696 1471 1760 1557 eli,
1788 1469 1844 1541 ad-

326 1568 419 1656 sunt,
443 1569 477 1640 id
500 1591 693 1664 permeant,
718 1572 751 1640 ira
772 1590 840 1659 quo
861 1570 945 1661 ignis
970 1568 1142 1642 suffocatur
1166 1568 1201 1639 dt
1224 1571 1318 1660 perit.
1369 1567 1441 1642 Ituo
1466 1567 1539 1638 Lux
1566 1569 1650 1640 Solis
1674 1590 1768 1658 aeque
1793 1589 1848 1637 ve·

325 1667 494 1745 hementer
515 1672 711 1759 incorpora
735 1666 837 1757 posita
860 1668 894 1733 in
914 1686 1019 1736 vacuo
1041 1686 1193 1758 operatur
1217 1687 1316 1755 quam
1340 1668 1375 1736 in
1390 1670 1475 1737 aire.
1523 1684 1576 1755 40.
1600 1666 1740 1736 Accedit
1757 1663 1847 1756 quod

325 1764 437 1835 lumen
457 1785 475 1833 a
501 1765 696 1857 corporibus
716 1783 851 1855 epotum
874 1766 986 1851 paucis
1007 1766 1139 1834 minutis
1157 1762 1304 1832 secundis
1328 1763 1453 1845 avolat,
1466 1760 1560 1855 igne
1582 1785 1623 1833 ex
1649 1765 1762 1832 iisdem
1778 1763 1846 1832 len·

330 1858 442 1931 tillime
462 1879 587 1933 tantum
608 1878 819 1951 erumpente3
844 1880 918 1929 nam
940 1881 1080 1951 corpora
1094 1857 1245 1930 calesasia
1260 1859 1337 1928 licet
1351 1858 1407 1928 sub
1421 1857 1477 1928 dio
1493 1858 1596 1948 pofita
1613 1882 1681 1929 non
1698 1859 1846 1930 celeriter

324 1957 368 2027 ad
392 1956 667 2053 refrigerationem
692 1957 898 2027 reducuntur.
949 1979 999 2047 50.
1027 1956 1159 2047 insuper
1176 1976 1336 2045 corpora,
1360 1976 1434 2044 quae
1448 1958 1525 2048 igne
1550 1955 1693 2045 quodam
1718 1976 1844 2045 praepa·

323 2074 392 2124 rata
411 2055 533 2146 modo,
554 2053 744 2149 phosphore
763 2055 923 2139 evadunt,
949 2054 1063 2144 sponte
1084 2051 1269 2124 facultatem
1289 2051 1421 2123 lucendi
1444 2056 1615 2136 amittunt,
1640 2074 1708 2121 non
1733 2072 1843 2124 autem

324 2150 509 2222 facultatem
532 2151 711 2243 recipiendi
731 2153 842 2245 ignem
866 2172 920 2221 aut
943 2152 1160 2221 incalescendi
1185 2170 1329 2220 exuunt:
1369 2170 1410 2217 ex
1444 2170 1512 2237 quo
1543 2153 1658 2219 itctum
1686 2147 1774 2239 sequi
1798 2153 1846 2221 vi-

324 2248 452 2318 deretur
478 2246 608 2320 Lumen
630 2247 693 2318 esl'e
717 2247 839 2338 aliquid
863 2249 904 2316 ab
930 2247 1010 2341 Igne
1038 2247 1232 2315 distinctum.
1292 2245 1344 2311 60.
1369 2245 1528 2314 Praeterea
1551 2244 1625 2315 Lux
1650 2245 1772 2316 summa
1798 2270 1846 2318 ra·

323 2344 458 2435 piditate
481 2348 593 2417 omnia
615 2364 763 2434 permeat
783 2343 969 2429 diapbatna,
995 2364 1067 2430 quae
1090 2337 1258 2409 lentissime
1278 2342 1319 2408 ab
1345 2343 1421 2434 igne
1444 2358 1679 2429 penetrantur3
1704 2343 1787 2413 adco
1812 2366 1848 2417 ut

322 2439 397 2512 Lux
423 2440 527 2510 multo
550 2442 681 2509 tenuior
705 2435 740 2505 dt
765 2435 881 2530 agilior
913 2438 988 2531 igne
1018 2436 1172 2507 videatur.
1222 2455 1275 2528 7⁰.
1301 2434 1376 2507 Lux
1399 2458 1419 2505 a
1442 2456 1540 2508 vento
1566 2459 1635 2508 non
1660 2438 1847 2529 repellitur,

324 2558 389 2607 nec
415 2557 457 2606 ex
483 2536 555 2604 sede
579 2553 751 2615 movetur,
777 2534 825 2601 uti
846 2535 878 2601 irr
902 2534 997 2604 radiis
1025 2532 1111 2603 Solis
1137 2533 1245 2605 videre
1270 2533 1334 2604 est:
1359 2554 1472 2605 verum
1497 2535 1727 2629 ignisavento
1742 2538 1848 2629 repel-

327 2634 437 2715 litur,
467 2635 514 2699 uti
536 2648 626 2721 pater
658 2631 692 2698 in
719 2627 957 2716 Experimento
980 2630 1070 2717 quod
1098 2648 1174 2697 cum
1203 2633 1280 2723 igne
1304 2650 1435 2719 captum
1461 2630 1507 2700 est
1532 2628 1566 2701 dt
1593 2630 1786 2722 descriptum
1812 2639 1847 2709 ira

330 2726 527 2818 praecedenti
547 2726 580 2815 §.
626 2723 683 2795 8⁰.
708 2723 855 2795 Flamma
875 2726 916 2793 ab
934 2726 1021 2793 Aere
1036 2722 1153 2793 sursum
1168 2725 1318 2814 pellitur,
1343 2724 1417 2795 Lux
1443 2727 1527 2798 Solis
1554 2725 1589 2797 δι
1614 2732 1760 2801 omnium
1779 2731 1848 2803 Lu·

329 2825 502 2893 minarium
532 2825 565 2892 in
594 2822 685 2891 Acte
713 2819 858 2909 quolibet
887 2820 1066 2890 direclioue
1089 2821 1212 2909 absque
1237 2820 1304 2891 ullo
1326 2822 1507 2893 discrimine
1533 2824 1667 2894 incedit.
1716 2846 1768 2914 9⁰.
1793 2828 1850 2901 An

327 2921 361 2988 in
388 2920 551 2988 creatione
576 2914 671 2986 Deus
696 2937 764 2986 non
787 2918 905 2985 creavit
927 2915 1034 2984 lucem
1059 2916 1242 3003 separatim,
1267 2918 1482 3009 discrevitque
1508 2919 1527 2988 i
1552 2922 1746 3010 corporibus
1770 2944 1851 3013 opa-

326 3015 374 3086 cis
389 3014 458 3085 srve
476 3014 616 3084 tenebris
644 3012 730 3105 (b).
778 3013 931 3079 Attamen
957 3009 1142 3100 frequenter
1167 3010 1242 3081 Lux
1267 3034 1342 3083 cum
1366 3016 1443 3106 igne
1469 3014 1695 3111 conjungitur:
1721 3018 1849 3090 sienim

326 3110 462 3182 linteum
483 3109 662 3191 mundum,
687 3108 818 3191 album,
844 3107 885 3175 ab
911 3109 987 3200 igne
1007 3104 1215 3177 vehementer
1239 3108 1429 3194 incalescat,
1454 3109 1489 3180 id
1512 3114 1547 3181 in
1573 3112 1715 3184 tenebris
1737 3114 1846 3201 lucem

328 3210 397 3278 imo
418 3207 441 3277 li
462 3228 559 3278 manu
580 3204 712 3275 feriatur
732 3203 785 3275 vcl
811 3206 1065 3294 comprimatur,
1088 3200 1164 3272 Lux
1191 3202 1374 3294 expellitur.

383 3315 434 3376 α’.
458 3307 513 3375 An
537 3304 645 3373 omnis
668 3299 742 3371 Lux
763 3298 809 3369 est
831 3299 887 3370 fibi
911 3297 1053 3390 perfefie
1075 3298 1207 3369 similis?
1241 3298 1329 3394 Ignis
1354 3302 1459 3373 nitens
1485 3298 1602 3391 &sub
1627 3301 1732 3377 forma
1755 3304 1847 3379 flam·

329 3423 390 3472 mae
412 3400 605 3490 conspicuus
623 3398 804 3489 plurimum
827 3394 933 3465 differt
954 3395 1088 3476 calore,
1120 3395 1263 3481 colore,
1296 3419 1357 3487 pro
1383 3397 1565 3471 differentia
1590 3400 1729 3489 pabuli3
1767 3404 1845 3477 ideo

328 3520 370 3570 ex
394 3497 581 3567 ardentibus
605 3495 662 3563 lux
687 3492 795 3563 entisia
818 3492 1010 3581 corporibus
1032 3489 1140 3561 dili'crt
1165 3495 1261 3563 etiarn
1292 3491 1377 3562 forte
1408 3516 1470 3581 pro
1497 3517 1674 3583 corporum
1697 3502 1860 3573 emittem·

328 3599 409 3666 tium
432 3596 610 3675 varietate,
643 3610 699 3659 aut
719 3589 788 3658 aliis
803 3588 1032 3681 heterogeneis
1058 3586 1237 3673 admixtis,
1270 3591 1317 3657 uti
1348 3588 1459 3685 colligi
1488 3589 1594 3681 posset
1622 3612 1666 3661 ex
1697 3590 1730 3688 5.
1754 3587 1847 3690 633,

327 3690 364 3763 δι
394 3712 432 3760 11
470 3711 498 3762 1.

377 3709 511 3879 3·.7An
533 3803 672 3875 corpora
697 3780 850 3853 terrestria
872 3779 1027 3851 divisone
1050 3800 1106 3851 aut
1137 3782 1357 3853 attenuatione
1392 3785 1425 3853 in
1444 3782 1559 3855 lucem
1582 3790 1664 3858 uerti
1687 3788 1847 3879 poliunt?

329 3907 385 3956 aut
408 3906 449 3953 an
472 3884 584 3973 potius
608 3879 654 3948 est
677 3877 752 3948 Lux
770 3898 889 3966 corpus
916 3876 960 3946 sui
978 3880 1124 3971 generis,
1148 3876 1240 3967 quod
1263 3877 1471 3967 qualitatibus
1494 3882 1656 3973 discrepat
1679 3887 1721 3956 ab
1742 3892 1850 3961 omni·

326 3985 388 4052 bus
410 3981 479 4049 aliis
501 3974 719 4066 corporibus?
744 3974 827 4043 adeo
850 3992 886 4042 ut
908 3977 1101 4057 attenuatio,
1128 3976 1337 4068 magnitudo,
1365 3975 1533 4059 soliditas,
1562 3981 1691 4074 figura,
1716 3985 1847 4056 mobili·

330 4098 376 4148 tas
406 4095 587 4164 corporum
616 4070 752 4141 aliorum
783 4068 890 4138 smilis
923 4090 961 4141 ac
991 4070 1037 4140 est
1068 4074 1101 4140 in
1125 4072 1221 4152 luce,
1258 4092 1324 4139 non
1351 4090 1458 4141 tamen
1485 4074 1647 4146 efficerent
1672 4079 1778 4152 lucem
1804 4102 1848 4155 ex

330 4195 396 4245 uon
418 4169 573 4241 lucente?
621 4166 797 4262 Quicquid
821 4166 880 4250 stt,
905 4164 980 4236 Lux
1005 4168 1051 4237 esl
1071 4188 1232 4258 corporea
1257 4164 1292 4236 dt
1316 4165 1439 4251 solida,
1466 4189 1539 4238 nam
1566 4170 1646 4239 radii
1670 4194 1735 4261 ope
1760 4176 1846 4247 Vitri

331 4272 437 4365 magui
457 4267 567 4339 ustorii
594 4268 629 4337 in
654 4265 767 4337 focum
783 4264 925 4346 densati,
951 4259 985 4331 ἃ
1007 4264 1118 4334 directi
1140 4270 1172 4337 in
1190 4264 1276 4333 leves
1301 4264 1444 4334 Amianti
1468 4266 1661 4355 particulas,
1688 4290 1742 4340 eas
1766 4265 1847 4341 c'on·

331 4387 474 4450 vertunt,
500 4365 614 4435 direcii
636 4362 834 4433 inelaterem
856 4358 1039 4452 horologii,
1065 4364 1121 4451 qui
1146 4384 1212 4432 uno
1233 4380 1379 4431 extremo
1404 4380 1471 4431 etat
1496 4362 1614 4433 infixus
1638 4365 1742 4455 palo,
1768 4367 1848 4440 alte·

328 4485 397 4539 mm
416 4482 597 4535 exuemum
616 4462 654 4531 in
675 4456 856 4531 manifestas
877 4456 1065 4530 suscitabant
1088 4457 1325 4544 oscillationee,
1351 4477 1485 4532 notante
1509 4458 1716 4559 Hombergio
1740 4464 1761 4556 (
1794 4464 1823 4557 ).

1671 4580 1723 4654 4·-
1749 4559 1853 4661 quo,

398 4762 460 4840 (ι)
482 4764 675 4828 commentar.
689 4764 806 4824 Bonon.
826 4762 897 4824 Vol.
913 4778 941 4821 a.
963 4764 1052 4823 Torn.
1068 4779 1097 4825 a.
1119 4780 1184 4844 pag.
1202 4771 1254 4841 ⁸4.

394 4844 576 4917 (bJMofir
598 4847 662 4905 Lib.
680 4859 707 4902 1.
730 4844 801 4916 Cap.
821 4859 846 4902 1.
867 4841 950 4902 Vens.
968 4841 1112 4918 3.(ι4.Ι
1149 4913 1153 4922 .
1495 4912 1498 4919 ,
1552 4887 1557 4902 .

396 4919 822 5002 (nudiustertiani.
842 4920 919 5001 bor,
940 4919 1099 4998 narrat.
1119 4937 1254 5026 papan
1309 5023 1313 5027 Α
1355 5021 1358 5026 ¹
1458 5006 1464 5022 ι
1571 4970 1609 5022 ..·‘

1045 5041 1049 5045 ’
1127 5035 1129 5040 ’
1203 5041 1316 5146 Τιἐς
