4992 6767
645 667 758 762 nn
815 661 1305 752 mnrnonts
1363 667 1729 776 Aounrs.
1846 709 1944 764 1001

423 887 484 940 ca:
510 867 552 936 ab
574 861 714 934 octobri
730 859 773 932 td
789 858 949 931 Martium
964 873 1078 950 regnat
1094 858 1196 927 motio
1211 857 1378 948 pluviosa,
1397 858 1535 950 spirante
1550 860 1661 933 Euro:
1685 887 1797 938 verum
1813 872 1847 940 in
1865 872 1946 944 Ma-
1989 907 1992 913 ·

424 965 543 1038 labarit
565 963 606 1031 ab
632 957 741 1049 Aprili
762 959 804 1029 ad
826 954 1044 1046 Septembritn
1067 951 1113 1022 est
1142 967 1311 1046 tenpestas
1332 956 1503 1050 pluviosa,
1536 960 1760 1052 aSeptcmbri
1785 965 1824 1034 ad
1849 969 1948 1062 Apri·

424 1064 481 1132 lint
507 1059 552 1129 est
577 1055 749 1148 tempesias
777 1051 905 1146 sscca(
939 1051 975 1147 ).

436 1185 440 1194 ·
473 1157 511 1227 ln
533 1153 635 1226 insuia
649 1151 789 1241 .Ccylon
809 1153 975 1222 motiones
988 1148 1168 1240 pluviosae,
1185 1146 1220 1218 δι
1235 1151 1352 1223 setenae
1374 1154 1573 1246 discrepant:
1599 1159 1732 1249 quando
1749 1167 1856 1233 motio
1873 1164 1946 1254 plu·

423 1255 512 1328 viosa
526 1252 572 1323 cst
590 1272 609 1321 a
630 1271 722 1343 parte
746 1248 964 1334 occidentali,
990 1243 1025 1317 bt
1052 1246 1218 1318 Favonius
1237 1247 1370 1338 insulam
1398 1251 1535 1339 perdat,
1561 1277 1580 1324 a
1602 1275 1693 1343 parte
1717 1257 1874 1331 Orientali
1898 1263 1946 1334 est

347 1368 352 1390 ’
426 1349 597 1443 tempestas
619 1348 720 1432 licet,
743 1345 780 1420 lit
797 1344 1004 1418 serenissimt:
1031 1342 1166 1437 quando
1181 1367 1201 1414 a
1216 1365 1309 1435 parte
1327 1347 1475 1416 orientali
1498 1347 1610 1420 Insulae
1626 1351 1672 1420 est
1688 1356 1857 1444 tempesias
1875 1359 1949 1448 plu·

422 1448 538 1532 viosa,
565 1445 611 1516 est
637 1467 656 1517 a
680 1465 771 1536 parte
794 1443 992 1517 occidentali
1017 1445 1121 1514 motio
1146 1440 1313 1513 orientalis
1337 1464 1412 1513 cum
1437 1465 1554 1540 magna
1586 1445 1775 1518 serenitate:
1808 1459 1947 1528 mutacio

424 1546 495 1615 baec
517 1543 743 1633 tempestatum
767 1545 882 1634 incipit
910 1543 1039 1612 circiter
1066 1561 1100 1610 tn
1132 1536 1248 1610 lnsulae
1272 1540 1409 1610 medio:
1442 1541 1652 1612 nihilominus
1679 1547 1712 1612 in
1743 1544 1824 1616 locis
1854 1553 1947 1623 editis

425 1643 582 1712 nrontoss
607 1642 682 1732 plus
706 1641 818 1732 pluit,
848 1657 946 1729 quern
972 1641 1007 1708 in
1030 1633 1256 1709 inferioribus:
1281 1636 1335 1708 sed
1356 1637 1464 1729 plures
1489 1637 1560 1709 sunt
1588 1637 1791 1727 tempestates
1813 1642 1951 1736 serenae,

424 1734 460 1807 &
487 1739 579 1808 ficcae
600 1756 731 1830 aparte
753 1739 853 1808 borea
874 1732 984 1804 insulae
1010 1733 1101 1830 (b).

470 1833 508 1906 ln
531 1833 698 1906 Carolinis
719 1835 882 1904 Ameticae
898 1829 956 1901 sub
970 1829 1035 1902 fine
1050 1829 1148 1922 Julii,
1171 1831 1224 1902 vel
1247 1829 1387 1926 Augusti
1416 1851 1533 1928 magne
1557 1832 1715 1905 Imbrium
1742 1839 1841 1926 copia
1870 1836 1948 1910 dua·

422 1933 504 2016 bus,
525 1933 576 2002 vel
602 1933 702 2003 tribus
720 1930 905 2021 septimanis
917 1930 1081 2000 continuis
1099 1924 1237 2014 labitur,
1263 1931 1382 2019 quibus
1399 1949 1514 2000 omnes
1529 1950 1622 2002 terrae
1636 1930 1762 2020 plante,
1795 1933 1948 2006 humiles·

422 2049 488 2118 que
515 2030 734 2100 inundantur:
758 2027 952 2117 plerumque
979 2024 1076 2096 semel
1098 2024 1133 2094 in
1160 2023 1261 2115 spatio
1288 2027 1409 2116 septem
1434 2047 1597 2099 annorum
1620 2025 1680 2097 hos
1703 2029 1823 2100 imbres
1845 2033 1949 2102 comi·

421 2146 529 2196 tantur
556 2124 764 2194 vehementes
800 2121 997 2212 typhones,
1031 2123 1088 2209 qui
1123 2123 1275 2207 regiones
1307 2123 1588 2194 meridionaliores
1621 2145 1737 2218 magna
1766 2124 1947 2198 calamitate

416 2220 558 2290 afficiunt
583 2217 669 2312 (c).
719 2216 760 2288 ln
782 2217 947 2288 Americae
971 2213 1134 2287 colonia,
1167 2230 1241 2297 quae
1263 2211 1448 2283 Sorrinama
1473 2218 1678 2307 appellatur,
1712 2220 1783 2292 sunt
1808 2241 1946 2310 quatuor

415 2313 501 2406 quast
529 2318 608 2386 anni
633 2313 867 2398 tempestatesa
902 2323 1034 2393 tempus
1056 2304 1153 2374 breve
1175 2304 1357 2394 pluviosum
1382 2310 1500 2400 incipit
1521 2311 1732 2398 Novembri,
1767 2317 1882 2387 delinit
1898 2319 1947 2388 st·

416 2416 529 2484 niente
554 2405 757 2489 Decembri;
785 2401 908 2472 siccitas
931 2400 973 2470 ab
994 2399 1061 2473 hoc
1084 2415 1187 2486 usque
1209 2401 1251 2472 ad
1273 2401 1459 2490 Martium,
1484 2407 1560 2495 post
1584 2411 1729 2480 medium
1756 2409 1872 2482 Martii
1893 2433 1948 2486 us-

416 2527 482 2599 que
503 2503 545 2574 ad
570 2502 710 2588 Mayutn
737 2499 869 2570 imbres.

467 2599 679 2671 Condamine
711 2597 748 2668 in
781 2598 870 2669 vita
895 2589 990 2666 Loxa
1018 2597 1058 2668 ad
1084 2597 1166 2691 Jten
1196 2591 1296 2685 sylvas
1320 2600 1521 2692 peragravit,
1559 2603 1593 2673 in
1623 2604 1742 2694 quibus
1772 2609 1944 2695 quotidie,

419 2698 527 2768 stlrcnr
555 2696 707 2767 undecim
727 2691 889 2764 menibus
910 2696 988 2764 anni
1015 2694 1097 2784 pluit
1119 2696 1208 2788 (ὡς
1238 2695 1451 2784 quamobrem
1476 2695 1557 2766 nihil
1577 2699 1727 2769 exsiccari
1750 2701 1793 2768 ibi
1816 2703 1943 2792 potest,

415 2796 596 2883 omniaque
627 2793 696 2861 cito
730 2804 932 2882 putrescunt.
979 2788 1188 2885 Bougucrius
1209 2787 1393 2858 describens
1409 2785 1517 2879 Quito
1532 2793 1697 2878 prodidit,
1723 2795 1769 2861 ibi
1784 2797 1897 2884 pluere
1923 2821 1944 2870 a

417 2889 602 2962 Novembri
628 2887 669 2958 ad
696 2885 859 2976 Mayum,
883 2885 969 2958 hanc
990 2883 1131 2975 pluviam
1157 2882 1354 2978 distinguere
1378 2885 1456 2954 anni
1481 2887 1694 2974 tempestates.

468 2987 681 3081 Carthagenae
705 2986 740 3054 in
763 2983 917 3055 America
941 3004 959 3052 a
982 2979 1091 3071 lllayo
1114 3001 1219 3073 usque
1242 2979 1283 3049 ad
1306 2977 1405 3048 linem
1431 2977 1631 3051 Novembris
1658 3003 1785 3076 tempus
1810 2984 1942 3076 hyetna·

412 3085 446 3155 le
466 3082 665 3174 appellatur,
696 3082 772 3170 quia
792 3081 934 3162 imbres,
961 3082 1122 3163 tonitrua,
1148 3075 1183 3148 δι
1207 3075 1340 3147 sulmina
1370 3076 1416 3144 ibi
1439 3094 1506 3146 tunt
1530 3076 1602 3150 sunt
1624 3079 1709 3151 adeo
1740 3081 1942 3174 frequentia,

415 3204 450 3252 ut
474 3179 675 3270 tempestates
696 3178 737 3247 ab
761 3197 828 3247 uno
859 3175 987 3246 instanti
1012 3177 1054 3245 ad
1079 3176 1215 3245 alterum
1245 3171 1453 3266 succedant,
1487 3175 1590 3246 nubes
1614 3197 1777 3248 vertantur
1809 3183 1842 3248 in
1868 3180 1942 3270 plu·

415 3282 519 3362 viam,
537 3275 638 3346 litata
658 3276 781 3345 viarum
806 3272 1024 3355 inundentur,
1052 3265 1086 3342 dt
1109 3292 1182 3341 rura
1207 3289 1417 3365 ntcrgnntur3
1444 3292 1462 3339 a
1485 3271 1595 3342 medio
1617 3270 1814 3344 Decembris
1837 3297 1942 3366 usque

414 3375 454 3444 ad
484 3373 581 3445 sinent
607 3369 730 3462 Aprilis
752 3369 874 3441 coelum
895 3367 941 3439 cst
963 3365 1127 3459 pulcrius,
1152 3365 1264 3459 aquilo
1288 3385 1401 3436 terram
1426 3367 1618 3556 resriqerat,
1654 3367 1689 3440 ἃ
1717 3390 1850 3442 vocatur
1874 3371 1941 3443 hoc

415 3490 542 3557 tempus
571 3469 726 3538 aestivum.
778 3465 879 3536 Parva
905 3464 995 3534 aestas
1021 3484 1155 3536 vocatur
1177 3466 1264 3534 circa
1287 3461 1400 3533 sellum
1421 3464 1485 3534 divi
1530 3471 1661 3548 oannis,
1689 3486 1756 3537 tunt
1777 3470 1863 3538 enirn
1881 3467 1940 3538 de·

416 3564 522 3632 finunt
540 3561 684 3650 pluviae,
708 3557 745 3625 δι
767 3564 856 3626 venti
878 3561 1153 3644 septemtrionales
1176 3561 1294 3646 spirant
1327 3561 1442 3627 meniis
1479 3560 1578 3648 spatio
1612 3563 1698 3652 (e).
1748 3561 1785 3632 lu
1813 3561 1868 3633 Re
1915 3583 1937 3636 0

417 3659 567 3728 Pctuano
591 3656 672 3722 intra
697 3669 848 3736 montes,
873 3654 928 3740 qui
953 3670 1109 3722 vocantur
1131 3651 1246 3722 Andes
1272 3651 1323 3722 vel
1347 3652 1573 3738 Cordelieres,
1602 3654 1685 3743 pluit
1707 3661 1851 3728 antcnsc
1902 3679 1939 3726 o-

415 3755 539 3826 vcmbri
569 3749 738 3841 usquead
765 3747 930 3834 Mayum,
965 3747 1063 3818 vcluti
1084 3766 1173 3817 extra
1201 3767 1330 3817 montes
1360 3751 1391 3818 in
1422 3751 1524 3837 Syluis
1552 3750 1640 3844 (f).
1673 3751 1808 3822 Bucnos
1834 3749 1938 3837 Ayrcs

415 3855 449 3919 itt
475 3850 640 3943 Paraguay
659 3843 784 3936 adjacet
806 3841 929 3912 flumini
958 3842 1000 3911 dc
1023 3843 1052 3910 la
1073 3843 1181 3912 Plator
1208 3841 1334 3929 Hyems
1361 3844 1413 3912 hic
1438 3848 1551 3936 incipit
1582 3847 1689 3916 mense
1716 3847 1843 3937 Junio;
1871 3844 1939 3918 Ver

415 3946 618 4037 Septembri3
643 3939 755 4012 AEstas
778 3937 978 4008 Decembri:
1003 3939 1189 4007 Autumnus
1214 3937 1362 4007 Martio:
1390 3937 1518 4028 slyente
1543 3942 1622 4038 largi
1650 3943 1771 4012 cadunt
1795 3944 1932 4030 imbres,

413 4065 497 4133 quos
518 4040 710 4110 comitantur
731 4033 884 4112 terribilia
906 4031 1061 4120 fulmina,
1086 4031 1121 4105 δι
1145 4036 1304 4107 tonitruar
1340 4035 1432 4110 aestus
1465 4037 1578 4110 aestatis
1605 4057 1802 4132 temperatur
1826 4041 1930 4112 tentis

411 4141 542 4212 marinis
569 4135 616 4233 (g
625 4134 657 4228 ).
738 4193 741 4198 .

1557 4253 1589 4348 i.
1618 4247 1934 4330 MliiCCCLXVI.
1975 4349 1977 4354 Ι

490 4450 549 4524 (ι)
567 4451 714 4528 Valentyn
735 4468 792 4514 ran
815 4451 1034 4515 Choromandel
1056 4451 1125 4515 Vol.
1145 4465 1170 4527 ς.
1194 4467 1260 4528 pag·
1281 4453 1330 4522 46.

488 4529 549 4601 (l)
571 4528 715 4602 Valentyn
735 4547 791 4592 van
814 4533 927 4609 Ceylon
953 4535 1010 4594 Vol
1039 4553 1065 4609 5.
1089 4549 1154 4608 pag.
1173 4545 1220 4591 22.

488 4605 546 4678 (c)
568 4605 692 4681 Caterby
713 4607 833 4684 History
858 4612 893 4670 os
912 4612 1042 4672 Carolin.
1064 4629 1131 4688 pag·
1147 4629 1177 4669 2·

490 4681 548 4757 (d)
569 4684 690 4757 Voyagc
707 4685 742 4744 de
765 4687 792 4744 la
810 4690 930 4748 Riviere
951 4690 1000 4749 des
1022 4691 1187 4750 Amazones
1207 4703 1273 4762 pag·
1290 4702 1338 4759 27·

490 4765 502 4818 l
511 4763 546 4826 e)
570 4761 656 4817 Ulloa
679 4766 798 4838 voyage
820 4783 856 4824 au
875 4769 971 4826 Perou
994 4769 1037 4827 Ch
1066 4785 1093 4840 5.
1114 4770 1179 4830 Liv.
1205 4782 1231 4826 1.
1253 4781 1317 4841 pig·
1339 4771 1386 4838 38.

492 4834 547 4910 (f)
571 4839 704 4909 Bouguet
726 4843 847 4914 voyage
870 4862 904 4902 au
925 4848 1019 4903 Perou
1042 4863 1106 4921 pag.
1123 4861 1206 4906 rtur.

486 4919 546 4993 (g)
568 4915 747 4980 Charieroirt
766 4919 843 4982 first.
865 4921 904 4982 du
924 4923 1077 4999 Paraguay.
1097 4925 1162 4986 Lir.
1180 4941 1227 4986 tr.
1248 4939 1312 5000 pag.
1334 4926 1399 4993 1⁶9·
