4992 6767
611 709 668 770 ur
703 676 1059 768 CORPORIBUS
1096 678 1626 777 REFRINGENTIBUS.
1801 719 1884 807 703

347 885 439 980 eujus
461 881 560 952 Sinus
587 881 633 951 est
658 879 744 965 SE,
763 877 862 949 debet
883 872 948 944 else
969 877 1052 948 sinus
1078 877 1187 974 anguli
1210 878 1409 955 resrasiionis
1433 886 1538 980 major
1560 907 1679 979 nempe
1698 913 1743 977 4,
1771 885 1805 960 di
1832 915 1882 960 ra·

349 986 396 1057 dii
424 981 571 1052 resrat‘rio
602 981 702 1051 deber
732 975 796 1046 ell'e
821 998 840 1046 a
863 978 1099 1065 perpendiculo
1129 977 1235 1065 CN,
1268 980 1344 1051 ideo
1376 986 1514 1080 angulus
1545 985 1644 1057 debet
1683 987 1745 1055 else
1778 986 1882 1077 major

350 1104 446 1175 quim
477 1078 512 1151 N
524 1077 612 1151 CO.
643 1079 665 1149 si
697 1075 837 1171 proinde
870 1073 955 1143 linus
984 1077 1093 1170 anguli
1128 1075 1230 1148 SCE
1252 1076 1336 1149 soret
1363 1083 1404 1152 ad
1433 1084 1534 1155 linum
1560 1085 1667 1180 anguli
1694 1083 1769 1156 NC
1781 1086 1808 1156 B
1834 1088 1880 1156 uti

353 1204 384 1274 3.
408 1178 449 1248 ad
475 1203 507 1267 4.
532 1179 640 1248 radius
666 1198 707 1246 ex
733 1196 819 1263 aqua
841 1174 943 1242 exiret
964 1177 998 1249 in
1026 1180 1134 1246 aerem
1149 1176 1199 1247 vir
1215 1175 1296 1246 CB.
1312 1176 1366 1248 sed
1385 1181 1407 1250 fi
1425 1180 1520 1252 Sinus
1534 1184 1644 1278 anguli
1662 1183 1765 1253 seb
1785 1205 1824 1241 =
1844 1205 1878 1274 3.

347 1280 429 1351 foret
455 1278 496 1346 ad
520 1277 636 1348 Sinum
658 1273 770 1369 anguli
793 1272 923 1361 majoris
948 1294 1045 1361 quani
1071 1273 1148 1344 NC
1157 1273 1207 1358 B,
1233 1295 1356 1347 tantum
1377 1280 1418 1349 ail
1444 1304 1479 1371 4.
1504 1282 1609 1350 radius
1636 1281 1698 1351 SC
1725 1304 1792 1352 non
1817 1304 1881 1372 po-

349 1380 424 1450 terit
445 1397 487 1445 ex
512 1375 610 1465 Aqua
633 1377 721 1444 exire
746 1373 779 1439 iii
808 1372 949 1457 Aerem,
976 1369 1030 1439 sed
1053 1371 1156 1440 redire
1177 1372 1277 1443 debet
1302 1375 1320 1441 d
1347 1375 1378 1445 C
1405 1379 1437 1447 in
1464 1377 1559 1468 Aqua
1585 1377 1619 1447 di
1635 1379 1708 1449 l'erri
1724 1383 1774 1450 via
1791 1377 1880 1450 CD.

406 1506 440 1604 i.
471 1499 785 1577 MDCCXXXlll.
820 1494 1087 1568 Demonstrarum
1119 1496 1165 1566 est
1197 1499 1231 1567 in
1265 1497 1530 1597 Trigonometiin
1565 1509 1684 1598 plana,
1718 1512 1750 1580 in
1786 1510 1875 1580 omni
1912 1513 1988 1574 Tab.

350 1605 529 1701 Triangulo
553 1602 721 1673 restilineo
745 1595 876 1678 ΑΒΕ,
904 1595 987 1663 limis
1013 1596 1209 1692 angulorum
1233 1597 1297 1666 eil'e
1320 1601 1581 1692 proportionales
1607 1607 1779 1691 lapsibus,
1805 1590 2023 1698 quamvl-

349 1705 465 1776 iisdem
493 1701 621 1796 angulis
642 1713 872 1789 opponuntur:
900 1694 934 1761 Si
961 1715 1070 1762 autern
1096 1696 1127 1761 in
1152 1692 1282 1763 duobus
1297 1695 1482 1795 ‘l'rinngulis
1508 1702 1639 1786 iilic,
1667 1704 1798 1788 CBE,
1823 1727 1879 1774 ao·
1910 1685 2009 1748 ¹⁸⁴³·

351 1803 420 1900 guli
442 1800 577 1879 linc,
603 1795 712 1865 BCE
733 1797 791 1864 snit
815 1793 923 1882 parri,
952 1788 987 1857 &
1007 1811 1130 1860 tuntum
1150 1789 1276 1878 aliquot
1303 1793 1533 1880 illinutorum,
1561 1823 1701 1888 quorum
1729 1802 1811 1873 finos
1834 1803 1880 1874 0st

351 1901 470 1970 eadem
494 1896 579 1964 linea
605 1891 700 1974 BE,
733 1910 828 1961 erunt
847 1888 958 1981 anguli
979 1889 1010 1955 in
1034 1889 1158 1955 ratione
1188 1887 1310 1956 inversa
1337 1895 1494 1963 testarum
1520 1901 1549 1963 A
1565 1896 1623 1983 E,
1657 1900 1688 1967 C
1697 1898 1752 1967 E:
1789 1897 1878 1971 Nom

354 1996 507 2086 inipeeris
523 1992 658 2062 sinuum
676 1979 897 2070 Tabulis,'est
914 1984 1051 2079 angulus
1073 1982 1202 2064 EAG,
1230 1986 1270 2052 ad
1297 1987 1324 2054 ll
1337 1988 1428 2070 eli,
1456 2013 1489 2058 ut
1516 1992 1598 2061 linus
1625 1997 1732 2088 anguli
1750 1995 1857 2066 Bac
1867 2047 1884 2082 ,

351 2093 395 2164 ad
418 2092 531 2162 Sinum
565 2087 673 2183 anguli
701 2085 840 2167 BCE,
873 2083 935 2152 five
963 2084 1065 2150 linum
1085 2081 1193 2176 anguli
1220 2081 1358 2166 licii,
1397 2086 1460 2154 boc
1493 2089 1537 2157 0st
1565 2111 1599 2158 m
1626 2091 1695 2162 130
1722 2091 1761 2163 ad
1789 2091 1816 2160 B
1827 2096 1878 2180 A,

348 2192 413 2263 me
436 2207 470 2258 ut
491 2185 564 2257 EC
589 2187 630 2255 ad
653 2184 747 2266 EA,
773 2184 849 2274 quia
873 2178 940 2250 BE
967 2178 1014 2248 est
1035 2200 1152 2270 parva,
1178 2181 1238 2248 erit
1263 2179 1334 2251 BC
1362 2202 1401 2236 =
1428 2182 1519 2269 EC,
1546 2186 1581 2256 ot
1607 2187 1673 2258 ΒΛ
1699 2210 1739 2245 =
1765 2185 1850 2261 ΕΛ,
1949 2271 1956 2286 ¹

396 2312 429 2412 §.
455 2307 771 2390 MDCCXXXlV.
795 2309 908 2380 Luxe
933 2308 1011 2379 Sole
1037 2309 1069 2377 A
1090 2303 1198 2374 emissa
1218 2305 1326 2394 primo
1351 2325 1496 2393 permeat
1521 2313 1630 2402 Spatia
1654 2313 1813 2399 caelestia‚
1840 2318 1877 2387 fi·
1912 2324 1988 2383 Tab.

346 2436 388 2484 ve
413 2411 567 2483 Medium
589 2407 658 2478 sere
684 2429 853 2492 vacuum,
885 2406 1032 2477 vadendo
1058 2404 1099 2472 ad
1123 2403 1283 2487 Terram,
1317 2403 1434 2472 deinde
1460 2410 1595 2499 oblique
1621 2414 1653 2481 in
1681 2411 1791 2483 'l'errae
1817 2405 2011 2484 mxxxiii.

347 2510 602 2598 mospbaeram,
633 2526 732 2596 quam
759 2526 861 2594 usque
889 2504 930 2572 ad
958 2501 1073 2573 ZBR
1107 2498 1279 2590 expansam
1306 2500 1542 2590 supponimus,
1575 2508 1637 2576 siue
1662 2513 1693 2579 ln
1722 2508 1874 2583 ll'ledium
1908 2484 1946 2542 ¹5⁸
1989 2504 1999 2524 ⁸

350 2607 481 2678 densius
512 2603 664 2686 incidat,
696 2600 877 2698 refringitur
902 2598 978 2672 Lux
1010 2602 1052 2673 ad
1075 2597 1371 2689 perpendiculum:
1403 2597 1571 2692 Quoiiiim
1597 2607 1693 2677 diris
1719 2607 1879 2696 densitas,

354 2724 427 2794 quo
447 2701 558 2772 Terrae
580 2700 717 2790 propior
738 2698 812 2783 est,
843 2718 1004 2790 perpetuo
1027 2697 1205 2777 increscit,
1237 2696 1396 2762 increscet
1421 2701 1517 2768 etium
1544 2700 1643 2771 Lucis
1668 2705 1818 2774 reliudlio
1843 2712 1877 2779 in

349 2800 436 2872 locis
467 2797 519 2883 C,
543 2795 597 2883 D,
622 2797 671 2883 E,
697 2799 744 2867 uti
768 2799 801 2867 in
823 2797 1054 2888 experimentis
1081 2789 1257 2879 ilaukibeji
1283 2792 1328 2858 est
1353 2793 1615 2868 demonstratum.
1652 2801 1880 2890 Quamobrem

349 2897 428 2968 Lux
446 2898 546 2968 varlas
570 2893 806 2986 Anaosphaerae
828 2893 1001 2964 densitates
1023 2888 1215 2981 pervolans,
1240 2887 1401 2958 describet
1418 2911 1547 2962 curvam
1574 2887 1778 2967 benur:
1805 2920 1882 2988 quae

350 3016 414 3067 nec
437 2993 589 3082 Cyciois,
617 3014 680 3063 nec
702 2990 892 3082 Epicyclois
919 2994 981 3060 erit
1006 2989 1181 3058 secundum
1208 2986 1247 3056 de
1273 2986 1304 3055 la
1330 2983 1458 3056 llirium
1486 2989 1588 3084 (a),
1614 2994 1712 3063 veluti
1731 2996 1882 3083 probavit

314 3132 317 3136 ·
349 3091 560 3165 Hennaunus
581 3090 687 3184 (b),
720 3085 878 3179 &quam
901 3089 1027 3156 ideirco
1050 3087 1116 3155 alio
1136 3084 1239 3154 niodo
1267 3084 1479 3155 deteriiiiiiaie
1505 3110 1642 3159 conatus
1667 3090 1728 3159 suit
1756 3091 1880 3180 Taylo·

350 3211 404 3262 rus
429 3188 526 3283 (c),
553 3185 714 3281 &Jacob
738 3185 947 3256 Bemoullius
972 3184 1065 3276 (d).
1115 3182 1179 3252 Sed
1203 3187 1359 3272 quoniam
1387 3184 1418 3251 in
1444 3187 1557 3257 eadem
1573 3189 1743 3258 altitudine
1762 3210 1780 3257 a
1797 3190 1880 3261 ‘ler-

348 3310 385 3359 ra
404 3289 497 3358 A'e'ris
524 3285 660 3357 denfitas
682 3282 814 3379 singulis
836 3284 953 3354 diebus
976 3301 1136 3366 imitatur,
1164 3301 1227 3348 tam
1249 3302 1268 3348 a
1292 3281 1401 3349 calore
1427 3283 1512 3352 Solis
1537 3288 1578 3355 ab
1604 3285 1720 3373 hyeme
1736 3285 1776 3354 ad
1792 3288 1884 3358 aella-

351 3405 416 3456 tem
441 3384 536 3456 radiis
556 3385 749 3455 rectioribus
769 3381 952 3476 stringentis
975 3379 1137 3462 Terram,
1164 3399 1260 3467 quam
1287 3382 1383 3447 etiam
1410 3382 1557 3468 qnotidie
1582 3386 1738 3466 orientis,
1764 3384 1881 3455 culini·

350 3485 484 3566 nantis,
509 3478 780 3561 procedentis,
814 3499 922 3548 tuma
950 3479 1054 3548 ventis
1081 3474 1237 3544 dii-eribo
1258 3474 1399 3544 calorem
1425 3495 1480 3544 aut
1503 3477 1602 3573 liigus
1627 3479 1885 3567 advehentibus,

350 3599 412 3651 aut
433 3576 469 3648 br
492 3600 582 3649 novo
611 3579 709 3647 allato
732 3577 819 3644 Aire
835 3574 1082 3666 utmosphieram
1108 3571 1334 3657 densantibus,
1362 3570 1396 3639 dt
1423 3574 1688 3661 ponderosiorem
1716 3577 1879 3648 reddenti·

352 3678 445 3761 bus,
472 3697 509 3744 ut
532 3674 671 3744 ostendit
697 3673 948 3757 Baromertum3
974 3691 1131 3761 proterea
1156 3690 1291 3757 quoque
1313 3672 1382 3739 Ari
1407 3670 1664 3741 exhalationibus
1692 3668 1726 3740 dt
1752 3680 1881 3762 vapori-

355 3775 438 3857 bus,
464 3774 553 3842 vario
576 3772 677 3842 modo
699 3769 805 3839 lucem
832 3768 1081 3866 restingentibus
1108 3766 1181 3857 plus
1206 3770 1314 3835 minus
1342 3788 1503 3858 perpetuo
1528 3768 1777 3853 accumulatur,
1801 3792 1882 3860 pro·

350 3891 431 3962 pter
452 3870 521 3939 haee
543 3871 652 3940 omnia
676 3867 859 3940 inconstans
884 3873 944 3939 erit
968 3890 1026 3956 per
1050 3863 1311 3955 Atmospliaeram
1338 3866 1418 3935 lucis
1443 3868 1523 3954 via,
1550 3888 1610 3938 nec
1635 3869 1881 3941 determinanda

350 3989 499 4043 accurate
528 3985 688 4059 unquam:
713 3969 868 4036 Attamen
894 3965 1089 4060 pulcerrima
1115 3959 1149 4031 dr
1173 3965 1263 4031 onini
1288 3962 1382 4031 laude
1401 3963 1520 4056 digna,
1546 3964 1770 4036 reliastlonem
1795 3966 1882 4036 lucis

352 4089 413 4161 per
432 4067 693 4157 Atmosphaeram
717 4063 892 4156 i'peeianria
916 4065 1101 4152 nuperrime
1124 4057 1273 4148 exposuit
1293 4058 1528 4129 Erudirillinius
1554 4060 1746 4133 Lambertus
1772 4064 1791 4155 (
1825 4064 1855 4149 ).

408 4199 438 4299 §.
470 4193 769 4274 MDCCXXXV.
801 4190 1044 4298 Atmosphaerae
1064 4189 1287 4258 resraslionem
1317 4190 1476 4298 continno
1504 4180 1632 4295 differre
1657 4186 1881 4295 animadvertit

350 4293 582 4374 Neddleionus
606 4296 717 4392 (f),
750 4294 808 4384 qui
832 4291 917 4362 celo
943 4285 1095 4359 nubiloso
1118 4285 1319 4378 humidoque
1349 4285 1443 4355 collis
1470 4279 1672 4355 altitudinem
1697 4278 1879 4359 dimensus,

1819 4395 1884 4470 W!

427 4602 483 4680 (ο)
503 4605 672 4666 L'iiruoire
687 4605 723 4664 de
740 4599 855 4665 l’Acad.
874 4604 955 4681 Roy.
978 4603 1033 4663 ΑΟ.
1052 4616 1139 4678 1702·

430 4684 484 4757 (b)
511 4686 578 4741 Asin
592 4684 727 4757 Lipsiens.
750 4684 802 4742 Ao,
822 4691 909 4756 1706.

426 4761 485 4832 (e)
506 4760 666 4819 Methodus
681 4763 849 4819 Fluxionum
864 4760 977 4820 inversa
991 4757 1079 4836 Piop.
1094 4764 1143 4824 αἱ.
1164 4756 1262 4818 Probi.
1277 4769 1326 4815 22.

424 4838 484 4911 (d)
507 4841 540 4895 ln
557 4837 645 4911 Opei.
668 4840 737 4897 Vol.
754 4855 781 4896 α.
803 4856 866 4913 pig.
886 4845 972 4910 1063.

424 4920 484 4990 (e)
507 4915 675 4989 Proprieres
691 4918 912 4990 Remarquabl'es
929 4917 965 4975 de
975 4916 1002 4974 la
1014 4915 1112 4983 Rome
1126 4911 1164 4979 ile
1179 4913 1207 4978 la
1219 4909 1369 4978 Lumiete.

424 4991 480 5075 (f)
502 4993 677 5073 Philosoph.
694 4995 840 5057 Transiit
859 4997 917 5062 rio.
932 4999 1002 5072 ³⁸⁸·
