4992 6767
555 751 651 856 ss
1000 691 1161 786 Η·
1279 686 1612 777 1GN1u

561 919 724 1006 W
743 899 941 974 mm,
955 901 994 962 u
1011 886 1127 960 afferes
1144 886 1259 985 sagena
1280 886 1472 959 incendant:
1497 877 1749 976 Mattperntiliur
1765 877 1862 956 tradit
1875 878 1929 952 tali
1945 879 2077 976 speculo

556 1009 710 1088 μὴ·
726 1009 911 1090 ψι-
930 989 967 1059 in
989 986 1136 1058 diimda
1158 1003 1216 1078 50.
1236 984 1364 1078 pedum
1380 981 1474 1056 bride
1495 980 1614 1067 siriam,
1632 981 1680 1052 ad
1704 980 1883 1053 distantiam
1914 1001 1992 1050 120.
2018 995 2076 1071 pe·
2164 1034 2166 1036 .

556 1107 636 1182 ,μυ
661 1091 821 1166 m
839 1081 878 1156 ὰ
898 1082 1075 1156 Pitunbum
1094 1080 1223 1154 reilmdi
1248 1081 1344 1179 (a)
1393 1081 1416 1153 S
1460 1080 1533 1153 cuia
1558 1078 1654 1171 plana
1676 1082 1710 1151 in
1739 1078 2076 1168 diumua150.pe-

554 1195 636 1272 u
656 1182 794 1260 men
814 1183 959 1254 morea
988 1179 1118 1266 edunt,
1150 1200 1249 1271 quam
1276 1178 1300 1252 fi
1324 1101 1490 1275 speenltlm
1512 1175 1703 1270 sphericum
1728 1178 1814 1269 paris
1844 1174 2079 1269 magnitudinis

548 1283 665 1366 adiab
682 1279 726 1354 arl
744 1279 857 1352 een
878 1278 996 1369 ntuli
1016 1279 1052 1348 ia
1080 1276 1226 1349 dillantid
1249 1274 1457 1370 conjecisset,
1486 1293 1559 1347 non
1580 1293 1689 1346 umen
1711 1273 1886 1345 effeiiuum
1909 1266 2082 1342 discrimen

553 1398 680 1454 nuttam
701 1378 782 1460 erit,
807 1395 847 1447 ac
870 1375 973 1466 primi
996 1374 1106 1447 frome
1129 1393 1287 1469 apparet,
1310 1371 1404 1447 Nou
1424 1370 1892 1446 coutuntur-demonstrante
1909 1416 1922 1454 ,
1940 1364 2083 1439 effectu
2162 1449 2165 1456 ,

547 1472 759 1572 §ceum
778 1472 951 1566 planorum
974 1468 1263 1565 &spineticomm
1283 1470 1369 1557 elie,
1392 1473 1440 1542 uti
1468 1471 1550 1564 267.
1577 1467 1618 1539 ad
1646 1487 1727 1563 314.
1754 1468 1775 1564 (
1810 1466 1846 1562 ).

603 1591 907 1698 gnfflcxxlv.
929 1594 1058 1681 uocas,
1082 1597 1141 1688 qui
1163 1617 1280 1667 omnes
1305 1618 1325 1667 a
1353 1595 1490 1688 speculo
1524 1596 1698 1689 replicatos
1730 1595 1868 1684 radios,
1899 1604 2082 1682 eorumque

550 1695 674 1796 ignem
695 1697 874 1781 euntium,
905 1713 973 1765 uno
993 1693 1159 1765 tumescit
1178 1712 1350 1765 moutento
1364 1743 1380 1779 .,
1412 1694 1545 1787 quando
1566 1691 1732 1789 spemlum
1754 1693 1925 1787 obtegitur
1944 1707 2084 1782 pauno,
2140 1739 2142 1744 -

551 1793 609 1872 tel
629 1794 852 1884 ponmrtintr,
874 1788 926 1860 vel
951 1787 1062 1861 Solem
1087 1791 1294 1881 interceperit
1315 1789 1432 1862 nubes.

600 1895 887 2013 fleCXXV.
913 1903 1081 2003 Quoniam
1108 1911 1207 2007 igitur
1229 1929 1317 1983 tanta
1350 1913 1432 1984 meri
1451 1914 1536 2009 ignis
1563 1911 1694 1986 coilaui
1716 1913 1816 2004 copia
1834 1929 1901 1981 tam
1918 1910 1988 1982 citu
2011 1929 2084 1982 eva·

553 2011 680 2093 neaclt,
705 2003 797 2077 nullo
818 2003 952 2100 vestigio
969 2004 1159 2098 superstite,
1183 2027 1273 2100 patet
1292 2010 1403 2105 ignem
1426 2008 1491 2082 stne
1516 2009 1607 2103 pastu
1629 2006 1693 2082 effe
1718 2031 1787 2081 non
1817 2004 1929 2099 polle:
1954 2005 2081 2078 ldcircu

558 2098 675 2178 Sol&
699 2099 807 2173 Stellae
836 2100 909 2172 iixae
932 2122 1001 2172 uon
1034 2122 1075 2173 eu
1105 2101 1175 2175 solo
1200 2106 1278 2201 igne
1302 2103 1523 2194 constabunt,
1553 2107 1680 2198 quippe
1700 2125 1770 2179 um
1794 2107 1896 2177 ctiam
1919 2125 1987 2174 unu
2012 2124 2085 2174 mo·

555 2196 919 2295 mentonemnuiisent:
956 2197 1010 2269 sed
1033 2220 1165 2289 oportet
1187 2221 1226 2273 ut
1249 2201 1324 2272 bec
1350 2202 1460 2292 sydera
1493 2203 1553 2274 snt
1576 2199 1777 2288 solidiuima,
1800 2204 1939 2274 maxima
1965 2192 2001 2271 dr
2031 2197 2084 2270 fir·

555 2287 694 2370 muna
722 2303 881 2386 corpora,
906 2296 1016 2389 ignem
1036 2298 1207 2371 retinentia
1233 2293 1471 2389 depascenda,
1495 2298 1595 2372 veluti
1615 2297 1660 2369 V.
1685 2321 1735 2396 gr.
1756 2303 1792 2371 in
1816 2298 1924 2370 nostra
1952 2294 2086 2368 Tellure

549 2387 781 2466 Lithauttaees
808 2386 844 2462 dt
867 2389 949 2504 baxa
973 2412 1048 2463 cum
1071 2395 1204 2507 materia
1226 2393 1444 2484 combustibili
1473 2399 1662 2489 permixta,
1687 2396 1877 2470 aut-similia
1900 2393 1972 2494 sumt
1994 2414 2087 2466 com·
2176 2451 2178 2458 ,

459 2669 463 2676 ¹
554 2485 1477 2681 parg'tgfflnffiffiueslearsselsglgrggtss3553&OE’
1501 2611 1576 2682 qnae
1592 2592 1627 2663 in
1647 2593 1812 2685 principio
1831 2610 1874 2662 ex
1890 2586 1978 2662 Solia
1998 2557 2085 2659 mole

558 2679 719 2770 acuile,
739 2680 916 2753 Oceanum
933 2682 1066 2775 igneum
1086 2702 1332 2775 perreptantea,
1355 2686 1521 2770 eminent,
1542 2709 1605 2759 nec
1621 2690 1727 2760 nitent
1747 2686 1921 2770 ardentue,
1943 2684 1998 2757 sed
2012 2684 2087 2758 flui-

404 2818 435 2869 χ
562 2797 667 2854 rantes
693 2775 815 2849 maun
833 2775 1045 2863 aemulantur,
1069 2797 1144 2869 quae
1162 2778 1283 2852 deinde
1302 2782 1343 2852 ab
1359 2784 1451 2854 omni
1466 2804 1558 2873 parte
1574 2785 1608 2854 in
1632 2784 1807 2855 rotundum
1822 2780 1984 2853 mlefadae
2002 2782 2088 2852 uslu-

559 2875 686 2961 imru,
710 2872 848 2959 ardent,
871 2891 1037 2945 vertuntur
1059 2871 1104 2972 in·
1117 2872 1219 2947 latum
1241 2875 1398 2963 sumum,
1422 2880 1576 2949 rariorem
1593 2878 1742 2963 nucleo,
1765 2875 1878 2973 figure
1899 2873 2088 2963 difformis,

646 2967 798 3042 uldarbio
811 2968 917 3040 mtdm
937 2965 1083 3040 altiorem
1103 2967 1188 3050 Solis
1208 2971 1395 3065 superficie,
1420 2994 1564 3064 quocum
1585 2976 1874 3045 circumveniuntur
1891 2973 1978 3042 circa
1993 2973 2090 3059 axin,

576 3063 620 3140 ed
643 3089 686 3139 an
714 3068 784 3160 puri
804 3064 970 3138 celeritate
988 3064 1147 3140 affirmare
1162 3081 1238 3141 'uon
1258 3070 1386 3154 dudm,
1419 3067 1526 3142 fumus
1552 3068 1607 3143 hic
1628 3069 1757 3142 taudem
1781 3091 1846 3141 rma
1872 3090 1947 3140 cum
1969 3069 2091 3141 nucleo

553 3163 723 3236 [decrescit
735 3161 976 3259 magnitudine,
1000 3164 1094 3234 citius
1107 3162 1281 3254 lentiusve,
1307 3168 1501 3259 penitusque
1516 3165 1738 3249 consumitur,
1761 3166 1908 3257 partibus
1922 3167 2090 3257 utriusque

562 3265 599 3334 in
620 3257 707 3332 Solis
717 3255 920 3350 superficiem
937 3258 1177 3348 relabentibus,
1192 3281 1229 3334 ut
1247 3261 1409 3355 suspicor:
1435 3262 1585 3351 Semelei
1600 3262 1702 3356 spatio
1714 3261 1867 3336 Maculas
1880 3260 2011 3334 Soluree
2024 3284 2090 3355 ope

497 3401 506 3426 s
565 3357 639 3431 tubi
656 3356 714 3449 36.
739 3354 860 3449 pedum
877 3355 934 3426 dili
989 3375 1051 3429 ter
1070 3360 1269 3447 examinavi,
1294 3379 1473 3435 memorata
1491 3359 1568 3433 vidi
1594 3358 1770 3452 ,Corpora
1791 3362 1826 3431 in
1850 3358 1936 3433 calo
1952 3359 2091 3430 lucentia

564 3475 636 3529 uou
652 3451 717 3525 elle
731 3472 855 3526 unurm
873 3375 1013 3529 fluileln
1029 3455 1158 3550 ignem,
1182 3440 1292 3547 pa'tet,
1316 3477 1393 3527 cum
1412 3456 1473 3528 Sol
1496 3455 1532 3529 fit
1596 3455 1654 3527 ulo
1674 3455 1804 3529 densior
1826 3478 1924 3549 quam
1944 3453 2088 3548 Jupiter:

564 3549 603 3625 dt
624 3569 709 3623 terra
730 3550 915 3645 quadruplo
937 3550 1066 3622 densior
1085 3551 1168 3623 Sole
1200 3552 1293 3649 (c),
1331 3573 1517 3646 praterea,
1559 3551 1727 3645 plendoris
1751 3557 1786 3626 in
1804 3554 1966 3645 aliquibus
1993 3550 2089 3622 llellis

556 3645 638 3720 exn
666 3648 891 3734 muutioues,
931 3646 1003 3719 aiiae
1037 3669 1111 3738 quae
1144 3648 1225 3719 olim
1249 3649 1350 3737 visae,
1394 3671 1482 3724 nuuc
1513 3673 1556 3722 ex
1586 3649 1765 3743 conspeetu
1793 3669 2018 3736 evanuentnt,
2046 3647 2090 3720 ob

563 3745 771 3820 consumtum
794 3746 879 3839 ignis
908 3742 1064 3833 pabulum
1089 3745 1261 3827 exunuae,
1286 3747 1408 3814 direele
1431 3749 1584 3834 probant.

611 3883 644 3981 ς.
670 3876 916 3954 MDCXXVI.
941 3871 1031 3968 Quia
1053 3872 1181 3962 specula
1206 3876 1323 3946 ustoria
1344 3875 1486 3967 perseile
1518 3882 1620 3970 polita
1653 3905 1720 3957 non
1753 3886 1845 3960 suut,
1878 3883 2006 3970 aliquos
2031 3879 2094 3949 80·

564 3979 605 4054 lia
623 3975 731 4050 radios
744 3973 923 4056 imbibunt,
938 3989 1053 4041 umnec
1068 3989 1137 4042 uon
1155 3970 1330 4064 replicant,
1354 3974 1395 4044 ab
1413 3977 1521 4064 epotis
1541 3976 1763 4066 incalescunt;
1787 3977 1907 4050 etiams
1922 3976 1996 4053 vix,
2017 3996 2094 4064 quae

566 4067 775 4150 laudetiffime
797 4065 867 4142 suut
889 4065 1006 4162 poitur
1031 4065 1191 4142 interum
1211 4067 1282 4151 eil,
1307 4088 1458 4160 quantum
1473 4070 1637 4143 radiorum
1653 4078 1782 4166 cupiam
1799 4072 1967 4151 sorbeant,
1991 4087 2097 4158 quan·

569 4192 637 4246 tatu
660 4161 825 4254 reddant,
860 4169 936 4260 quia
961 4162 1028 4238 hoc
1050 4157 1159 4235 differt
1178 4184 1313 4257 propter
1339 4164 1494 4257 majorem
1526 4171 1728 4242 minoremve
1755 4168 1885 4243 Metalli
1915 4164 2095 4250 alborem,
2166 4210 2170 4222 ·

567 4265 777 4354 deudmtetu,
802 4262 1004 4357 polituram,
1035 4260 1177 4352 abasque
1201 4261 1476 4334 circumstantias:
1510 4268 1635 4356 optima
1657 4287 1766 4340 tamen
1789 4262 1918 4357 specula
1941 4263 1995 4333 vix
2022 4261 2097 4355 plus

563 4359 670 4459 'quam
694 4361 863 4435 dimidiam
887 4357 1071 4448 illapsurum
1095 4357 1259 4430 radiorum
1284 4379 1409 4450 partem
1432 4357 1567 4433 reddere
1588 4362 1770 4434 verosimile
1794 4361 1852 4434 eil.
2125 4437 2128 4442 ,

565 4465 572 4474 ’
693 4449 954 4529 MDCXXVII.
989 4453 1128 4545 Speculo
1156 4453 1273 4526 ustoria
1302 4453 1417 4552 frigida
1448 4456 1557 4547 plures
1588 4457 1677 4530 Solis
1702 4460 1810 4531 radios
1824 4456 1972 4532 ¹reddunt
1996 4475 2095 4544 quam

530 4601 532 4605 -
573 4547 1034 4640 cenomannensem
1059 4548 1128 4622 fuci
1154 4550 1358 4650 colligimus:
1384 4554 1461 4627 ideo
1486 4554 1708 4628 vehementius
1732 4556 1849 4648 hyeme
1874 4573 1972 4646 quam
1987 4551 2095 4622 astate

1982 4666 2095 4720 urunt:

648 4840 709 4921 (a)
728 4838 1064 4997 mgtorloffiagnng,
1082 4843 1140 4903 uo.
1162 4849 1229 4916 tm·
1251 4861 1317 4923 ou·
1332 4860 1401 4921 ως.
1424 4844 1532 4915 uno.
1551 4848 1621 4923 ,to
1641 4846 1803 4914 uiuum.
1824 4848 1862 4914 ae
1875 4841 1995 4974 pluat.
2014 4841 2095 4918 aoy.

649 4996 688 5076 (i
729 4995 889 5060 L'Hisioir.
910 4997 947 5059 de
968 4996 1078 5060 i'Acad.
1099 4998 1178 5077 Ray.
1200 5001 1255 5061 Δο.
1279 5005 1451 5084 tunm.
1471 5018 1542 5081 ⁴49·
1591 5001 1597 5012 '

556 5163 559 5170 .
652 5078 689 5155 (e
728 5078 869 5143 Nentoul
890 5077 1017 5160 l’riutip.
1037 5077 1102 5141 Lib.
1122 5094 1151 5158 3·
1169 5096 1238 5158 pag.
1258 5074 1298 5145 δε
