4992 6767
640 672 1717 787 namarsoatsnousta
1834 707 1945 792 1009

468 897 552 964 stet,
579 894 620 946 ex
643 875 723 946 mari
743 893 803 960 pet
824 871 951 942 canales
977 870 1197 942 subterraneos
1227 870 1269 940 ad
1300 871 1435 942 eosdem
1461 870 1569 944 fontes
1595 873 1740 958 rediret,
1775 871 1811 944 dt
1835 882 1944 949 conti-

532 973 674 1048 circulus
704 991 860 1062 aquarum
891 967 979 1038 ellet.
1032 975 1184 1040 Attamen
1213 969 1351 1061 dubito,
1376 993 1419 1041 an
1441 991 1526 1056 aqua
1546 970 1651 1042 dulcis
1682 971 1747 1042 hoc
1777 974 1880 1042 modo
1908 979 1943 1046 in

577 1071 796 1142 altillrmorum
820 1069 982 1138 montium
1009 1067 1203 1137 adscendere
1230 1073 1371 1156 poterit,
1397 1069 1573 1158 inquibus
1598 1089 1704 1139 tamen
1735 1069 1842 1140 sontes
1873 1073 1944 1140 exi·

591 1171 676 1260 ··quis
696 1168 783 1238 eninr
804 1165 1005 1236 altitudinem
1029 1171 1125 1234 attaris
1154 1167 1277 1236 invenit
1308 1188 1449 1236 tooooo
1474 1167 1552 1255 ped.
1578 1164 1612 1238 δι
1638 1187 1706 1237 tum
1731 1189 1814 1258 aqua
1838 1167 1943 1239 dulcis

636 1285 684 1338 tet
705 1263 747 1335 ad
775 1282 871 1354 3000
898 1262 999 1352 pedes
1019 1271 1112 1353 lupra
1136 1283 1225 1334 mare
1272 1285 1348 1332 curn
1373 1265 1506 1334 sciamus
1538 1285 1653 1348 certo,
1677 1265 1783 1336 fontes
1806 1267 1943 1335 inveniri

672 1363 826 1434 notarium
858 1383 975 1432 taooo
1000 1362 1072 1450 ped.
1111 1357 1327 1430 &ulteriusa
1362 1363 1439 1431 ideo
1462 1361 1524 1432 bos
1548 1361 1656 1433 fontes
1685 1385 1704 1432 a
1737 1364 1873 1453 pluvia.
1906 1359 1943 1433 dt

722 1460 866 1548 recipere
894 1458 940 1529 est
961 1457 1178 1528 certillrmttm.
1231 1457 1456 1530 Nihilominus
1479 1480 1597 1550 aquam
1620 1463 1773 1530 marinam
1804 1481 1863 1549 per
1887 1481 1944 1530 ca·

775 1555 931 1628 liuentem
958 1556 1022 1624 ell'e
1046 1555 1172 1626 causam
1196 1556 1367 1643 fontium,
1392 1576 1507 1648 patet;
1533 1560 1611 1646 quia
1638 1575 1786 1648 ternpore
1808 1557 1944 1627 aestuum

793 1674 849 1721 um
876 1650 968 1724 multi
995 1654 1085 1723 rivuli
1111 1674 1298 1743 apparent,
1332 1661 1481 1744 quorum'
1503 1655 1629 1725 nullum
1653 1675 1746 1724 antea
1774 1654 1945 1724 videbatur

835 1770 915 1820 nore
937 1748 1071 1819 aellunm
1098 1752 1262 1820 minorum
1278 1771 1429 1821 arescunt
1454 1751 1542 1843 (a),
1567 1756 1610 1822 ita
1632 1751 1741 1822 saltem
1759 1754 1792 1821 in
1811 1749 1945 1820 Groen·

866 1850 944 1916 'mis
971 1845 1195 1918 subterraneus
1223 1868 1324 1934 aquas
1348 1847 1456 1935 Abyssa
1481 1854 1516 1917 in
1542 1849 1705 1938 aliquibus
1727 1848 1809 1917 locis
1832 1851 1866 1918 in
1890 1869 1945 1918 va·

915 1945 987 2014 ‘bus
1014 1947 1142 2034 rupium
1165 1948 1324 2033 excepti,
1350 1965 1468 2032 aquam
1496 1944 1629 2014 excelfis
1655 1943 1800 2012 fontibus
1828 1944 1946 2034 suppe-

949 2039 1081 2110 'antiunr
1105 2041 1220 2110 causae.
1253 2039 1380 2111 Fontes
1400 2061 1509 2110 tamen
1534 2060 1604 2111 non
1625 2038 1717 2128 supra
1735 2039 1871 2108 collium
1891 2062 1947 2110 ca·

961 2135 1149 2222 r'lrilosophi
1171 2136 1213 2202 ab
1237 2140 1437 2221 experientia
1464 2136 1575 2204 edoni
1602 2134 1689 2204 sunt:
1717 2135 1881 2205 Martinus
1907 2156 1946 2206 o-

885 2253 978 2302 autes
1010 2236 1043 2296 in
1077 2226 1211 2308 Sullex,
1245 2226 1363 2316 Surry,
1390 2227 1608 2316 Hampshire‚
1633 2231 1945 2322 Bucltingamshire,

824 2327 955 2408 ¹shire,
991 2321 1191 2405 Wiltshire,
1224 2321 1499 2406 Sornerl'ctshir03
1535 2321 1630 2394 Nob.
1652 2322 1785 2394 Caswel
1816 2346 1948 2402 montes

751 2479 757 2492 .
784 2443 896 2495 verum
926 2421 960 2489 hi
989 2417 1061 2489 Viri
1086 2419 1200 2490 nullibi
1221 2417 1329 2492 sontes
1351 2426 1512 2492 monrium
1536 2422 1712 2491 verticibus
1739 2421 1874 2491 altiores
1897 2425 1948 2492 in·

690 2573 702 2607 ,
734 2538 791 2590 aut
817 2517 852 2588 in
876 2517 951 2609 iphs
976 2519 1224 2588 cacuminibus:
1259 2516 1336 2588 licet
1366 2518 1432 2589 hoc
1463 2542 1482 2589 a
1514 2517 1681 2590 nonnullis
1715 2517 1863 2588 assertum
1896 2519 1946 2594 stt.

616 2643 677 2710 „1ae
694 2618 854 2708 pluviam,
871 2616 1091 2686 abundantem
1112 2614 1197 2686 statis
1217 2616 1421 2707 temporibus
1446 2618 1636 2706 excipiunt,
1661 2637 1805 2701 exeunt,
1828 2634 1947 2688 terram

582 2770 594 2805 ,
628 2719 788 2812 irrigant,
820 2711 1037 2796 foecundant,
1071 2707 1237 2803 &aptam
1263 2711 1387 2784 alendis
1411 2713 1529 2802 plantis
1555 2713 1719 2800 efficiunt,
1746 2735 1814 2802 quo
1838 2713 1945 2784 modo

527 2817 608 2886 tiunt
632 2811 772 2894 fertiles,
798 2831 873 2903 quae
896 2832 964 2902 prae
987 2810 1106 2902 pluviae
1128 2810 1265 2900 penuria
1287 2809 1386 2880 ellent
1410 2809 1559 2880 steriles:
1592 2810 1658 2879 boc
1686 2810 1814 2900 praestat
1845 2807 1946 2884 Nilus

468 2911 641 3010 AEgypto,
669 2907 777 3004 Niger
799 2911 831 2978 in
852 2905 983 2992 Africa,
1010 2906 1134 2996 Inopus
1161 2905 1320 2978 ininsula
1344 2903 1476 2991 Delos,
1502 2903 1687 2995 lllydonius
1716 2907 1751 2974 in
1782 2902 1945 2994 Mesopo·

410 3015 525 3082 tamia:
550 3008 632 3101 saepe
647 3009 774 3090 evenit,
804 3025 839 3074 ut
858 3005 960 3093 spatio
977 3023 1139 3096 quatuor,
1160 3003 1212 3074 vel
1237 3005 1383 3094 quinque
1411 3003 1568 3073 menlium
1585 3005 1619 3071 in
1643 3001 1806 3073 littoribus
1832 2999 1944 3071 Coro-

406 3107 538 3179 mandel
563 3129 629 3179 non
655 3104 763 3196 pluat,
789 3103 954 3190 praecipue
978 3119 1134 3194 regnante
1159 3098 1260 3184 aestu3
1286 3119 1355 3170 turn
1384 3099 1541 3190 temporis
1566 3117 1676 3169 autem
1697 3120 1814 3193 magna
1837 3098 1886 3170 vis
1910 3119 1945 3168 a·

406 3227 541 3296 quanam
565 3224 606 3274 ex
624 3222 727 3298 regno
752 3197 1049 3292 Chirangapatnam
1075 3193 1204 3280 affluit,
1238 3193 1296 3264 has
1329 3217 1430 3284 aquas
1451 3195 1603 3290 agricolae
1625 3197 1660 3265 in
1685 3213 1783 3266 terras
1806 3193 1848 3264 ad
1871 3194 1944 3263 alti·

405 3303 551 3376 tudinem
574 3300 714 3370 duorum
737 3293 860 3387 pedum
885 3295 1059 3376 derivant,
1093 3291 1212 3362 deinde
1240 3295 1422 3376 emittunt,
1455 3311 1492 3362 ut
1516 3293 1550 3363 in
1582 3291 1699 3364 Sinum
1721 3287 1944 3386 Gangeticunt

405 3397 531 3483 effluat,
556 3393 753 3488 quomodo
779 3392 883 3461 solum
905 3388 1131 3471 foecundatur,
1158 3387 1252 3479 quod
1273 3391 1467 3478 ceteroquin
1491 3407 1564 3459 toto
1587 3409 1675 3459 anno
1699 3383 1805 3457 sterile
1824 3383 1943 3458 fuisset.

406 3493 474 3586 Qui
498 3515 607 3563 autem
630 3491 749 3558 multas
770 3485 1046 3570 Philosophorum
1082 3483 1253 3553 sententias
1282 3484 1325 3552 de
1356 3484 1497 3554 fontium
1527 3487 1655 3579 origine
1685 3482 1796 3556 videre
1829 3485 1942 3577 cupit,

407 3588 534 3660 evolvat
557 3587 643 3655 Sam.
660 3583 773 3659 Dale,
798 3573 976 3663 Appendix
994 3591 1027 3640 at
1044 3571 1099 3640 the
1124 3569 1258 3662 Hillory
1279 3574 1320 3642 of
1337 3575 1507 3645 Harwich.

456 3706 486 3806 ς.
514 3694 871 3776 lllblCCCLXXlX.
897 3693 1020 3766 Fontes
1045 3695 1183 3766 diversas
1204 3693 1362 3769 exhibent
1387 3699 1629 3789 apparitiones,
1654 3697 1727 3772 sunt
1750 3705 1838 3774 enirn
1858 3708 2093 3783 annisi-11¹⁶

408 3806 489 3883 nulli
512 3819 689 3894 perennes:
716 3814 801 3888 quos
825 3793 890 3862 hoc
918 3793 1021 3863 niodo
1042 3797 1153 3863 animo
1177 3797 1410 3884 concipimus;
1437 3795 1475 3866 fit
1499 3793 1694 3868 ABCDE
1719 3820 1815 3870 mons
1839 3776 2006 3872 decli-⁸¹⁸·
2023 3786 2049 3829 ⁴·

407 3909 477 3987 vis,
502 3905 536 3971 in
562 3917 661 3990 quem
684 3893 791 3985 pluvia
813 3889 952 3973 labitur,
979 3911 1053 3978 quae
1080 3891 1113 3961 in
1139 3891 1234 3962 rimas
1258 3910 1373 3976 terrae,
1397 3912 1453 3963 aut
1476 3893 1566 3986 rupis
1597 3893 1718 3967 filluras
1751 3895 1837 3982 BF,
1863 3897 1942 3971 CG

408 3999 511 4080 Dll,
545 3993 617 4067 LK
642 3992 769 4082 irrepit,
795 3986 1024 4082 colligiturque
1041 3989 1072 4060 in
1092 4009 1246 4084 magnum
1269 4009 1448 4074 craterem,
1467 3990 1521 4062 vel
1536 4011 1663 4064 annum
1688 3991 1941 4084 rotantur,

410 4097 517 4191 qualia
542 4096 575 4166 in
600 4091 766 4162 montibus
788 4084 872 4176 saepe
899 4081 1064 4154 observata
1088 4086 1185 4171 sunr;
1220 4107 1261 4156 ex
1286 4107 1379 4158 antro
1408 4087 1524 4160 duetus
1545 4090 1697 4184 angustus
1722 4089 1794 4161 ΚΕ
1823 4092 1941 4183 lapidis
2065 4121 2072 4132 ·

412 4199 526 4267 rimam
551 4187 659 4264 tranfit
679 4205 815 4282 egerens
844 4203 961 4273 aquarn
985 4203 1026 4252 ex
1048 4181 1171 4255 lumine
1196 4183 1249 4267 E,
1275 4185 1352 4275 quia
1381 4204 1489 4256 autent
1522 4205 1651 4257 antrum
1673 4187 1795 4258 vallum
1819 4187 1940 4279 suppo-

411 4293 517 4378 nitur,
542 4284 634 4382 quod
655 4305 750 4376 aquae
772 4279 932 4374 plenum:
960 4298 1033 4350 toto
1061 4303 1149 4352 anno
1172 4281 1298 4374 depleri
1330 4284 1443 4374 nequit
1468 4303 1509 4354 ex
1533 4281 1585 4372 E,
1609 4285 1670 4354 erit
1697 4282 1771 4355 fons
1794 4281 1881 4382 jugis
1905 4307 1940 4356 a·

413 4411 509 4481 qua,
535 4385 663 4456 interim
688 4378 793 4451 rursus
817 4399 903 4451 nova
926 4375 1025 4448 affluit
1052 4378 1181 4470 pluvia,
1215 4401 1307 4470 quae,
1336 4401 1412 4452 cum
1443 4389 1569 4454 annum
1603 4381 1807 4473 impleverit,
1830 4387 1942 4456 rimas·

414 4505 481 4581 que
504 4487 538 4554 in
562 4483 614 4564 B,
640 4477 694 4563 C,
718 4475 775 4561 D,
799 4474 849 4564 L,
874 4473 945 4547 fluit
970 4475 1072 4546 modo
1097 4480 1130 4547 in
1152 4479 1279 4549 devexo
1305 4482 1425 4549 nantis
1449 4479 1491 4550 ad
1517 4479 1591 4552 loca
1611 4479 1802 4553 humillima.

465 4614 516 4667 20.
542 4591 590 4662 Sit
615 4605 692 4656 vero
717 4604 844 4658 antrum
873 4582 1106 4658 FGHKMI
1138 4610 1296 4680 parvum,
1327 4590 1526 4687 colligatque
1541 4590 1703 4682 quandam
1731 4593 1849 4684 pluviae
1881 4613 1940 4664 co·

414 4693 525 4787 piam,
549 4701 771 4780 permeantam
796 4681 936 4776 liliatas,
960 4687 1142 4778 rimasque,
1167 4683 1203 4759 &
1225 4689 1263 4760 lit
1288 4687 1398 4764 lumen
1422 4689 1454 4762 E
1478 4690 1637 4786 amplius,
1661 4687 1769 4764 effluet
1790 4713 1873 4782 aqua
1897 4710 1940 4760 ex

488 4880 547 4958 (ι)
568 4879 651 4942 Hans
671 4879 774 4958 litede
796 4895 855 4941 von
878 4880 1061 4945 Groenland.
1380 4949 1384 4958 Ι
1825 4807 1939 4875 alluo,

488 4961 551 5038 (a)
571 4960 689 5024 maran
709 4957 881 5043 rutaropr.
901 4962 1068 5026 attornet
1089 4963 1158 5028 vn.
1177 4983 1204 5031 1.
1226 4981 1292 5045 pag.
1312 4975 1381 5041 2⁶3,
