4992 6767
570 639 651 737 818
900 628 1878 733 CATO-Prason·

569 828 673 919 fiunt;
705 830 776 903 hec
800 829 946 924 imposita
975 827 1092 901 tabulae
1114 828 1219 924 planae
1244 825 1352 899 radios
1377 825 1580 899 reverberant
1599 824 1640 894 ad
1666 823 1799 895 oculum
1826 821 1919 918 supra
1940 832 2100 908 verticem

567 932 666 1016 coni,
692 928 790 1001 veluti
811 932 843 998 in
870 927 1030 999 schemate
1055 927 1128 1023 Fig.
1159 947 1214 1019 13.
1240 925 1418 996 exhibitum
1441 921 1523 1008 suit,
1548 922 1631 992 adeo
1656 923 1895 993 urcunuasnt
1917 927 2022 999 modo
2048 953 2103 1002 re·

567 1027 720 1123 petenda.
772 1024 957 1123 Quomodo
978 1026 1094 1096 tabulae
1116 1026 1175 1094 snt
1196 1020 1364 1094 difformes
1388 1020 1561 1116 pingenda
1579 1042 1654 1112 quae
1678 1021 1718 1091 ad
1736 1020 1950 1111 symmetriam
1971 1028 2006 1096 in
2024 1025 2101 1123 spe·

567 1124 647 1196 culo
672 1125 838 1208 videntur,
863 1127 1027 1194 memorie
1050 1121 1199 1192 traditum
1223 1120 1271 1189 est
1292 1141 1311 1187 a
1331 1119 1439 1190 multis
1466 1117 1486 1213 (
1526 1119 1560 1213 ).

614 1246 645 1347 ᾗ.
672 1245 908 1324 ΜΜΧΧΧΙΙ.
932 1243 1014 1318 Non
1036 1248 1143 1316 minus
1160 1242 1317 1335 stupenda
1331 1243 1547 1334 phaenomena
1564 1244 1698 1335 speculo
1717 1247 1906 1336 prismatico
1920 1247 2099 1323 ABCDE

438 1325 500 1362 ¹⁶¹
529 1345 537 1362 ’
569 1348 789 1431 exhibentut3
824 1345 904 1415 bais
929 1344 1090 1434 prismatia
1122 1342 1167 1412 est
1191 1339 1422 1426 ABCDE,
1457 1362 1520 1433 qua
1554 1345 1672 1433 prisma
1695 1341 1806 1413 insrstit
1829 1344 1924 1434 pistae
1952 1347 2097 1420 tabulae:

566 1447 712 1539 pingitur
735 1445 844 1536 imago
864 1443 897 1510 in
919 1441 1064 1530 partibus
1090 1437 1267 1525 SABR,
1299 1437 1500 1524 MBCL,
1534 1436 1724 1524 NCDO,
1749 1435 1925 1537 PDEQ,
1951 1443 2035 1515 adeo
2059 1463 2096 1516 ut

566 1541 671 1633 figura
693 1540 850 1628 discerpta
870 1535 1035 1622 videatur,
1068 1560 1142 1628 quae
1167 1541 1200 1609 in
1227 1536 1360 1629 speculo
1385 1534 1571 1609 cobaerescit
1597 1534 1633 1608 dt
1656 1539 1746 1606 unita
1769 1535 1835 1606 est:
1860 1541 2033 1631 quomodo
2055 1541 2095 1612 li·

564 1651 646 1730 guta
664 1633 830 1732 pingenda
852 1633 908 1719 lit,
933 1635 1020 1727 apud
1048 1637 1152 1706 varios
1170 1633 1272 1707 videri
1297 1633 1403 1726 potest
1425 1635 1517 1728 (b).

615 1749 648 1852 ς.
674 1753 928 1828 ΜΜΧΧΧΙΙΙ.
951 1755 1006 1828 Ex
1029 1755 1176 1830 dosirina
1196 1755 1353 1849 praemilsa
1378 1757 1534 1828 machinae
1557 1754 1715 1839 diversae,
1746 1760 1862 1848 partim
1887 1756 2092 1851 Dioptricae,

434 1901 472 1940 ¹·
516 1900 524 1919 ·
563 1857 681 1950 partim
706 1855 909 1946 Catoptricae
934 1852 1028 1925 facile
1054 1856 1303 1952 intelliguntur:
1328 1857 1412 1926 inter
1432 1856 1493 1926 hos
1515 1853 1586 1924 sunt
1607 1875 1741 1924 camum
1756 1853 1894 1946 obscurae
1899 1862 2095 1950 portarius,

461 1945 519 1986 '¹'
564 1977 638 2048 quae
663 1956 821 2027 variarum
847 1951 929 2023 liunt
958 1953 1153 2026 formarum:
1187 1952 1303 2025 Minor
1329 1952 1400 2023 haec
1424 1952 1480 2022 eil.
1538 1949 1570 2018 T
1572 1947 1653 2021 heca
1685 1950 1731 2021 est
1753 1952 1935 2044 quadrata,
1971 1978 2015 2026 ex
2035 1977 2092 2026 cu·

560 2050 613 2145 jus
637 2053 790 2122 anteriori
811 2049 910 2119 latere
932 2050 1029 2119 tubus
1049 2054 1171 2121 eminet
1193 2049 1393 2130 conoideus,
1420 2050 1472 2117 cui
1497 2047 1611 2119 infidet
1631 2048 1699 2120 lens
1721 2069 1866 2118 convexa
1885 2047 1990 2134 -CD,
2017 2074 2093 2142 quar.

561 2148 680 2239 objeili
706 2147 777 2215 ΑΒ
803 2148 977 2238 imaginem
1003 2148 1057 2231 pin
1085 2148 1108 2211 't
1130 2148 1162 2213 in
1189 2146 1263 2214 a'e're
1285 2148 1319 2214 in
1344 2143 1446 2228 EG,
1470 2144 1642 2228 inversan1;
1666 2143 1754 2234 quod
1775 2144 1796 2212 sr
1816 2145 1850 2212 in
1872 2142 1953 2214 EG
1977 2149 2017 2216 fit
2044 2151 2091 2218 ui·

562 2235 648 2311 ¹trum
671 2243 824 2332 planum,
858 2237 1032 2328 subasperae
1055 2167 1234 2326 ffiperficiei
1268 2240 1334 2307 fine
1358 2243 1478 2310 viribus
1513 2240 1707 2331 splendent,
1745 2239 1945 2329 aliquantum
1976 2243 2089 2332 pellu-

467 2403 476 2418 ,
511 2403 515 2410 .
558 2360 669 2506 cegg,
702 2339 735 2408 in
759 2337 825 2407 hoc
849 2338 932 2407 uitro
954 2337 1098 2430 pingitur
1122 2338 1229 2430 imago
1255 2333 1348 2424 EG,
1382 2359 1455 2427 quae
1478 2337 1520 2406 ab
1547 2336 1645 2408 oculo
1669 2337 1703 2405 in
1727 2336 1749 2404 S
1773 2335 1923 2419 uidetur,
1960 2336 2014 2409 sed
2032 2342 2086 2411 iu·

557 2455 602 2507 ve
631 2457 661 2505 a.

608 2533 643 2603 Si
667 2530 831 2624 objectum
867 2530 1015 2600 malimus
1034 2529 1145 2600 videre
1169 2533 1331 2617 erectum,
1356 2547 1496 2622 ponatur
1520 2529 1685 2622 speculum
1706 2527 1838 2624 planum
1863 2525 1941 2598 HK
1964 2531 1997 2599 in
2014 2530 2085 2602 tlre-

557 2650 598 2703 ca
619 2630 676 2700 sub
702 2627 824 2724 angulo
849 2625 1039 2712 semireti03
1066 2627 1131 2696 hoc
1155 2628 1263 2698 radios
1285 2627 1474 2720 replicabit,
1499 2649 1535 2698 ut
1557 2629 1666 2721 imago
1691 2630 1842 2721 pingatur
1867 2627 1901 2695 in
1918 2623 2028 2704 NM,
2053 2630 2091 2698 in

558 2725 803 2818 semipellucido
828 2725 931 2807 vitro,
964 2723 1056 2813 quod
1080 2723 1165 2815 jacet
1187 2728 1219 2794 in
1245 2723 1353 2808 NM,
1380 2747 1468 2818 parte
1485 2725 1637 2819 superiori
1660 2721 1806 2803 Thecae,
1826 2720 1893 2813 jam
1909 2722 1951 2791 ab
1966 2723 2091 2817 oculo,

557 2822 740 2912 superficiei
763 2819 851 2890 ΝΜ
876 2820 1187 2911 perpendiculariter
1206 2824 1408 2906 imminenti,
1433 2825 1543 2917 imago
1565 2822 1671 2891 ereda
1699 2815 1823 2910 objeeti
1839 2822 1931 2889 cerni
1948 2819 2066 2912 potest.

559 3044 579 3113 s
606 2944 645 3115 ἓ.
664 2945 918 3114 ΜόΙέΙῙΧῙξΧΝ.
943 2947 1057 3018 Altera
1080 2945 1184 3017 forma
1204 2969 1341 3019 camerae
1363 2948 1508 3021 obscurae
1531 2944 1662 3039 majoris
1687 2943 1878 3019 describitur
1896 2941 2091 3032 aS’Grautff

571 3066 612 3115 an
636 3067 670 3115 ιο
756 3065 837 3112 ans.

426 3175 434 3211 ¹
455 3173 490 3212 ·¹
509 3191 519 3214 ·
609 3171 643 3258 §-
668 3164 912 3237 MMXXXV.
937 3166 1071 3238 Fabrica
1095 3164 1280 3262 Telescopii
1301 3169 1430 3260 obliqui
1458 3171 1522 3242 five
1537 3171 1690 3265 Zelotypi
1710 3169 1781 3242 haec
1804 3169 1870 3244 ella
1894 3167 2023 3262 capsula
2035 3189 2092 3238 oa·

556 3288 597 3340 ua
621 3260 810 3343 MBDF,
836 3264 935 3333 latete
960 3263 1004 3332 M
1012 3261 1085 3333 CD
1111 3263 1158 3334 est
1179 3286 1308 3358 aperta,
1334 3287 1370 3336 ut
1393 3266 1449 3337 lux
1465 3268 1668 3357 objectorum
1686 3269 1811 3365 ingredi
1825 3262 1939 3360 poffit:
1964 3270 1998 3338 in
2012 3287 2089 3360 cap·

469 3443 472 3450 ,
557 3363 625 3438 sula
646 3360 692 3432 est
717 3360 880 3452 speculum
905 3360 1037 3452 planum
1063 3359 1160 3446 DE,
1186 3362 1242 3433 sub
1267 3364 1388 3458 angulo
1408 3362 1526 3435 EDF
1550 3364 1741 3436 semitecto:
1774 3366 1856 3458 parti
1877 3361 2012 3458 capsulae
2035 3361 2088 3432 su·

437 3475 454 3544 ,·
555 3459 676 3531 deriori
711 3455 792 3528 ΜΒ
826 3477 944 3548 aperte
966 3457 1077 3529 insiliit
1098 3457 1328 3554 Telescopium
1355 3483 1488 3554 parvum
1513 3462 1672 3556 vulgare,
1708 3461 1899 3534 Batavicuna
1927 3457 2089 3545 ΑΜΒ,

554 3559 610 3630 cui
633 3554 748 3626 oculus
774 3552 984 3641 admovetur,
1009 3556 1158 3627 deorsum
1186 3560 1331 3628 cernenti
1355 3577 1508 3651 apparent
1531 3559 1656 3649 objecta
1680 3557 1838 3639 lateralia,
1863 3577 2007 3647 quorum
2030 3555 2086 3626 lux

553 3656 590 3728 in
611 3653 775 3748 speculum
797 3650 905 3745 illapsa
927 3651 1098 3745 replicamr
1116 3652 1233 3724 sursum
1250 3657 1283 3725 in
1299 3653 1546 3750 Telescopium,
1572 3659 1781 3747 pervenitque
1791 3655 1832 3726 ad
1848 3655 2086 3746 spectatorem.

606 3748 856 3837 Nonnunquam
887 3767 1009 3817 tantum
1035 3748 1161 3839 capsula
1187 3749 1355 3821 MBDF
1380 3754 1503 3842 absque
1527 3751 1723 3844 Telescopio
1735 3751 1926 3836 adhibetur,
1952 3745 1989 3821 dt
2003 3751 2084 3822 ultro

556 3846 656 3942 plano
690 3862 837 3934 apertura
863 3842 945 3916 ΜΒ
970 3843 1158 3937 obtegitur,
1183 3845 1202 3914 s
1219 3849 1341 3917 edator
1364 3846 1513 3920 deorsum
1530 3848 1671 3945 dirigens
1689 3847 1791 3922 visum
1817 3849 1962 3920 omniaa
1991 3846 2083 3921 lateri

557 3942 686 4036 objecta
707 3937 904 4033 speculatur,
930 3940 986 4032 qui
1012 3938 1165 4012 inferiora
1187 3869 1369 4015 sscemere
1394 3943 1497 4038 lingit.

290 4059 293 4065 ’
406 4059 525 4141 Tem
604 4072 638 4163 ς.
663 4067 915 4142 MMXXXVI.
942 4067 1172 4161 Jucundillima
1192 4095 1327 4165 quoque
1349 4069 1532 4165 spectacula
1548 4079 1671 4169 praebet
1701 4081 1851 4154 Latum
1870 4077 2086 4178 Megalogra·

404 4130 462 4194 Μ’
478 4139 501 4178 ”
549 4171 674 4269 phica,
700 4170 741 4239 ab
762 4168 831 4239 aliis
856 4170 1006 4242 Lucerna
1019 4168 1157 4265 Magica
1181 4171 1360 4266 appellata,
1385 4191 1403 4239 a
1430 4169 1591 4245 Kirchero
1608 4176 1737 4248 inventa
1753 4175 1788 4249 δι
1807 4175 1960 4271 destripta
1985 4175 2086 4272 (c),

557 4274 600 4342 ab
622 4269 692 4339 aliis
716 4265 834 4336 deinde
859 4266 1045 4336 emendata:
1070 4268 1117 4336 est
1142 4266 1217 4342 CC
1243 4267 1372 4340 flamma
1389 4265 1545 4361 lampadis
1558 4269 1609 4343 vel
1624 4274 1788 4362 candelae,
1814 4274 1997 4368 postquam
2011 4273 2084 4368 spe·

556 4366 668 4438 culum
691 4361 997 4455 sphaericocrvum
1015 4366 1147 4456 ponitur
1170 4364 1263 4446 AB,
1290 4387 1327 4436 ut
1345 4363 1425 4438 radii
1451 4365 1549 4452 CA,
1575 4367 1643 4441 CB
1668 4391 1710 4444 ex
1731 4371 1866 4446 flamma
1892 4371 2013 4464 emiffi,
2041 4363 2081 4442 dt

558 4458 634 4530 dein
653 4461 695 4531 ab
716 4481 758 4529 eo
783 4458 925 4550 replicati
950 4458 1148 4551 aliquantum
1172 4482 1391 4557 conuergant‚
1423 4483 1460 4535 ut
1481 4467 1565 4560 pisia
1590 4466 1706 4540 tabella
1728 4472 1829 4543 vitrea
1853 4467 1926 4542 ΕΕ
1950 4464 2084 4542 clarilli·

559 4573 613 4624 me
636 4555 781 4626 illustrari
806 4553 900 4648 poffit
914 4557 954 4627 ab
973 4560 1064 4628 omni
1078 4555 1145 4630 sere
1162 4557 1237 4630 luce
1253 4557 1410 4646 flammae,
1436 4583 1538 4655 utque
1552 4564 1792 4658 equabilissime
1814 4561 2085 4664 perfundaturlu·

2018 4679 2085 4744 ce,

515 4708 531 4772 Ι·
633 4747 694 4829 (a)
715 4749 894 4823 Perspellive
914 4752 1019 4830 pratiq.
1043 4741 1071 4827 ὲ.
1092 4765 1166 4832 part.
1187 4753 1291 4817 'fraite
1311 4755 1362 4818 vl.
1383 4758 1492 4836 prath.
1517 4773 1565 4833 aa.

631 4828 690 4907 (l)
711 4830 849 4906 l'erspefl.
871 4832 976 4905 pratiq·
998 4846 1025 4902 3.
1048 4847 1123 4909 part.
1142 4837 1242 4900 Ttaite
1263 4835 1317 4898 v1.
1338 4839 1412 4914 prati
1435 4883 1443 4898 .
1467 4853 1515 4916 ιι.
1790 4899 1793 4904 .

632 4907 693 4986 (ε)
713 4911 930 4987 Inartemagua
947 4911 1034 4971 Lucla
1056 4911 1084 4972 dc
1104 4915 1220 4977 Umbra
1240 4915 1296 4978 Ae.
1319 4923 1405 4993 1⁶44·
1415 4858 1495 4981 qub.
1516 4916 1554 4982 Χ.
1574 4927 1651 4997 part
1676 4938 1704 4998 3.
