<?xml version="1.0" encoding="UTF-8"?>
<!DOCTYPE html PUBLIC "-//W3C//DTD XHTML 1.0 Transitional//EN"
    "http://www.w3.org/TR/xhtml1/DTD/xhtml1-transitional.dtd">
<html xmlns="http://www.w3.org/1999/xhtml" xml:lang="en" lang="en">
 <head>
  <title>
</title>
<meta http-equiv="Content-Type" content="text/html;charset=utf-8" />
  <meta name='ocr-system' content='tesseract 3.04.00' />
  <meta name='ocr-capabilities' content='ocr_page ocr_carea ocr_par ocr_line ocrx_word'/>
</head>
<body>
  <div class='ocr_page' id='page_1' title='image "./introductioadph00lulogoog_0487.png"; bbox 0 0 4992 6767; ppageno 0'>
   <div class='ocr_carea' id='block_1_1' title="bbox 553 659 1815 786">
    <p class='ocr_par' dir='ltr' id='par_1_1' title="bbox 553 659 1815 786">
     <span class='ocr_line' id='line_1_1' title="bbox 553 659 1815 786; baseline -0.013 -22"><span class='ocrx_word' id='word_1_1' title='bbox 553 685 640 786; x_wconf 70' lang='lat' dir='ltr'>am</span> <span class='ocrx_word' id='word_1_2' title='bbox 815 659 1815 758; x_wconf 78' lang='lat' dir='ltr'>oannuaatxua</span> 
     </span>
    </p>
   </div>
   <div class='ocr_carea' id='block_1_2' title="bbox 555 853 2089 2118">
    <p class='ocr_par' dir='ltr' id='par_1_2' title="bbox 555 853 2089 2118">
     <span class='ocr_line' id='line_1_2' title="bbox 574 853 2082 960; baseline -0.003 -20"><span class='ocrx_word' id='word_1_3' title='bbox 574 869 636 960; x_wconf 80' lang='lat'>·§.</span> <span class='ocrx_word' id='word_1_4' title='bbox 663 861 894 939; x_wconf 81' lang='lat' dir='ltr'>Mmcccv,</span> <span class='ocrx_word' id='word_1_5' title='bbox 918 863 1008 960; x_wconf 86' lang='lat' dir='ltr'>Quia</span> <span class='ocrx_word' id='word_1_6' title='bbox 1038 861 1261 953; x_wconf 85' lang='lat' dir='ltr'>atmosphaerae</span> <span class='ocrx_word' id='word_1_7' title='bbox 1294 859 1468 940; x_wconf 84' lang='lat' dir='ltr'>denfitas,</span> <span class='ocrx_word' id='word_1_8' title='bbox 1503 853 1539 928; x_wconf 70' lang='grc' dir='ltr'><strong>ἃ</strong></span> <span class='ocrx_word' id='word_1_9' title='bbox 1573 858 1714 950; x_wconf 84' lang='lat' dir='ltr'>proinde</span> <span class='ocrx_word' id='word_1_10' title='bbox 1745 859 1813 951; x_wconf 84' lang='lat' dir='ltr'>ejus</span> <span class='ocrx_word' id='word_1_11' title='bbox 1841 862 1983 956; x_wconf 87' lang='lat' dir='ltr'>gravitas</span> <span class='ocrx_word' id='word_1_12' title='bbox 2011 861 2082 956; x_wconf 86' lang='lat' dir='ltr'>fpe·</span> 
     </span>
     <span class='ocr_line' id='line_1_3' title="bbox 555 953 2086 1053; baseline -0.007 -11"><span class='ocrx_word' id='word_1_13' title='bbox 555 967 647 1042; x_wconf 90' lang='lat' dir='ltr'>cifica</span> <span class='ocrx_word' id='word_1_14' title='bbox 670 969 703 1036; x_wconf 94' lang='lat' dir='ltr'>in</span> <span class='ocrx_word' id='word_1_15' title='bbox 728 966 821 1035; x_wconf 89' lang='lat' dir='ltr'>variis</span> <span class='ocrx_word' id='word_1_16' title='bbox 845 985 864 1034; x_wconf 87' lang='lat' dir='ltr'>a</span> <span class='ocrx_word' id='word_1_17' title='bbox 889 960 1056 1053; x_wconf 86' lang='lat' dir='ltr'>superficie</span> <span class='ocrx_word' id='word_1_18' title='bbox 1081 959 1193 1031; x_wconf 85' lang='lat' dir='ltr'>Terrae</span> <span class='ocrx_word' id='word_1_19' title='bbox 1215 956 1436 1028; x_wconf 80' lang='lat' dir='ltr'>altitudinibus</span> <span class='ocrx_word' id='word_1_20' title='bbox 1463 953 1641 1046; x_wconf 81' lang='lat' dir='ltr'>discrepat,</span> <span class='ocrx_word' id='word_1_21' title='bbox 1673 977 1827 1047; x_wconf 84' lang='lat' dir='ltr'>poterunt</span> <span class='ocrx_word' id='word_1_22' title='bbox 1851 980 2011 1051; x_wconf 76' lang='lat' dir='ltr'>vapores,</span> <span class='ocrx_word' id='word_1_23' title='bbox 2046 963 2086 1040; x_wconf 73' lang='grc' dir='ltr'>δι</span> 
     </span>
     <span class='ocr_line' id='line_1_4' title="bbox 556 1053 2085 1146; baseline -0.002 -8"><span class='ocrx_word' id='word_1_24' title='bbox 556 1063 774 1138; x_wconf 84' lang='lat' dir='ltr'>exhalationes</span> <span class='ocrx_word' id='word_1_25' title='bbox 798 1064 831 1130; x_wconf 92' lang='lat' dir='ltr'>in</span> <span class='ocrx_word' id='word_1_26' title='bbox 852 1060 960 1130; x_wconf 85' lang='lat' dir='ltr'>a&#39;e‘rem</span> <span class='ocrx_word' id='word_1_27' title='bbox 987 1058 1179 1136; x_wconf 83' lang='lat' dir='ltr'>adscendere</span> <span class='ocrx_word' id='word_1_28' title='bbox 1204 1055 1244 1124; x_wconf 90' lang='lat' dir='ltr'>ad</span> <span class='ocrx_word' id='word_1_29' title='bbox 1263 1053 1447 1124; x_wconf 82' lang='lat' dir='ltr'>altitudines</span> <span class='ocrx_word' id='word_1_30' title='bbox 1471 1053 1631 1124; x_wconf 79' lang='lat' dir='ltr'>diversas:</span> <span class='ocrx_word' id='word_1_31' title='bbox 1664 1056 1757 1126; x_wconf 76' lang='lat' dir='ltr'>illae.</span> <span class='ocrx_word' id='word_1_32' title='bbox 1790 1074 1865 1146; x_wconf 89' lang='lat' dir='ltr'>quae</span> <span class='ocrx_word' id='word_1_33' title='bbox 1897 1057 1966 1129; x_wconf 93' lang='lat' dir='ltr'>sunt</span> <span class='ocrx_word' id='word_1_34' title='bbox 1990 1064 2085 1134; x_wconf 87' lang='lat' dir='ltr'>raris·</span> 
     </span>
     <span class='ocr_line' id='line_1_5' title="bbox 556 1148 2088 1256; baseline -0.005 -20"><span class='ocrx_word' id='word_1_35' title='bbox 556 1165 670 1246; x_wconf 83' lang='lat' dir='ltr'>simae,</span> <span class='ocrx_word' id='word_1_36' title='bbox 694 1179 748 1230; x_wconf 92' lang='lat' dir='ltr'>aut</span> <span class='ocrx_word' id='word_1_37' title='bbox 763 1179 781 1227; x_wconf 93' lang='lat' dir='ltr'>a</span> <span class='ocrx_word' id='word_1_38' title='bbox 798 1158 885 1252; x_wconf 90' lang='lat' dir='ltr'>larga</span> <span class='ocrx_word' id='word_1_39' title='bbox 909 1158 1114 1226; x_wconf 81' lang='lat' dir='ltr'>elefiricitate</span> <span class='ocrx_word' id='word_1_40' title='bbox 1138 1154 1342 1234; x_wconf 90' lang='lat' dir='ltr'>ambiuntur,</span> <span class='ocrx_word' id='word_1_41' title='bbox 1365 1148 1400 1219; x_wconf 70' lang='grc' dir='ltr'><strong>ἃ</strong></span> <span class='ocrx_word' id='word_1_42' title='bbox 1421 1172 1537 1244; x_wconf 89' lang='lat' dir='ltr'>magna</span> <span class='ocrx_word' id='word_1_43' title='bbox 1562 1153 1593 1221; x_wconf 87' lang='lat' dir='ltr'>vi</span> <span class='ocrx_word' id='word_1_44' title='bbox 1612 1151 1644 1221; x_wconf 91' lang='lat' dir='ltr'>se</span> <span class='ocrx_word' id='word_1_45' title='bbox 1668 1153 1857 1243; x_wconf 80' lang='lat' dir='ltr'>repellunt,</span> <span class='ocrx_word' id='word_1_46' title='bbox 1882 1175 1937 1226; x_wconf 91' lang='lat' dir='ltr'>aut</span> <span class='ocrx_word' id='word_1_47' title='bbox 1958 1179 2088 1256; x_wconf 84' lang='lat' dir='ltr'>magno</span> 
     </span>
     <span class='ocr_line' id='line_1_6' title="bbox 557 1248 2084 1354; baseline -0.005 -22"><span class='ocrx_word' id='word_1_48' title='bbox 557 1265 680 1350; x_wconf 89' lang='lat' dir='ltr'>impetu</span> <span class='ocrx_word' id='word_1_49' title='bbox 706 1260 739 1326; x_wconf 94' lang='lat' dir='ltr'>in</span> <span class='ocrx_word' id='word_1_50' title='bbox 766 1255 866 1324; x_wconf 90' lang='lat' dir='ltr'>altum</span> <span class='ocrx_word' id='word_1_51' title='bbox 893 1251 1030 1322; x_wconf 77' lang='lat' dir='ltr'>excussa</span> <span class='ocrx_word' id='word_1_52' title='bbox 1056 1249 1153 1331; x_wconf 90' lang='lat' dir='ltr'>sunt,</span> <span class='ocrx_word' id='word_1_53' title='bbox 1186 1249 1227 1318; x_wconf 90' lang='lat' dir='ltr'>ad</span> <span class='ocrx_word' id='word_1_54' title='bbox 1258 1250 1437 1318; x_wconf 85' lang='lat' dir='ltr'>maximas:</span> <span class='ocrx_word' id='word_1_55' title='bbox 1469 1248 1534 1320; x_wconf 82' lang='lat' dir='ltr'>illae</span> <span class='ocrx_word' id='word_1_56' title='bbox 1557 1249 1600 1318; x_wconf 94' lang='lat' dir='ltr'>ad</span> <span class='ocrx_word' id='word_1_57' title='bbox 1633 1254 1814 1334; x_wconf 88' lang='lat' dir='ltr'>minimas,</span> <span class='ocrx_word' id='word_1_58' title='bbox 1848 1273 1985 1341; x_wconf 81' lang='lat' dir='ltr'>quanam</span> <span class='ocrx_word' id='word_1_59' title='bbox 2007 1279 2084 1354; x_wconf 82' lang='lat' dir='ltr'>gm-</span> 
     </span>
     <span class='ocr_line' id='line_1_7' title="bbox 557 1342 2089 1444; baseline -0.001 -17"><span class='ocrx_word' id='word_1_60' title='bbox 557 1361 637 1430; x_wconf 86' lang='lat' dir='ltr'>vitas</span> <span class='ocrx_word' id='word_1_61' title='bbox 665 1350 812 1443; x_wconf 87' lang='lat' dir='ltr'>specifica</span> <span class='ocrx_word' id='word_1_62' title='bbox 836 1352 887 1420; x_wconf 86' lang='lat' dir='ltr'>vix</span> <span class='ocrx_word' id='word_1_63' title='bbox 920 1351 961 1417; x_wconf 93' lang='lat' dir='ltr'>ab</span> <span class='ocrx_word' id='word_1_64' title='bbox 983 1349 1060 1419; x_wconf 85' lang='lat' dir='ltr'>a&#39;ere</span> <span class='ocrx_word' id='word_1_65' title='bbox 1085 1366 1190 1435; x_wconf 89' lang='lat' dir='ltr'>prope</span> <span class='ocrx_word' id='word_1_66' title='bbox 1214 1342 1317 1414; x_wconf 90' lang='lat' dir='ltr'>solum</span> <span class='ocrx_word' id='word_1_67' title='bbox 1348 1343 1484 1431; x_wconf 78' lang='lat' dir='ltr'>differt3</span> <span class='ocrx_word' id='word_1_68' title='bbox 1515 1366 1571 1417; x_wconf 93' lang='lat' dir='ltr'>aut</span> <span class='ocrx_word' id='word_1_69' title='bbox 1604 1367 1678 1436; x_wconf 84' lang='lat' dir='ltr'>quae</span> <span class='ocrx_word' id='word_1_70' title='bbox 1702 1351 1825 1444; x_wconf 86' lang='lat' dir='ltr'>exiguo</span> <span class='ocrx_word' id='word_1_71' title='bbox 1860 1371 1985 1438; x_wconf 89' lang='lat' dir='ltr'>motu,</span> <span class='ocrx_word' id='word_1_72' title='bbox 2019 1356 2089 1428; x_wconf 82' lang='lat' dir='ltr'>live</span> 
     </span>
     <span class='ocr_line' id='line_1_8' title="bbox 557 1441 2085 1543; baseline -0.001 -19"><span class='ocrx_word' id='word_1_73' title='bbox 557 1450 779 1528; x_wconf 90' lang='lat' dir='ltr'>mechanico,</span> <span class='ocrx_word' id='word_1_74' title='bbox 814 1447 876 1514; x_wconf 86' lang='lat' dir='ltr'>sive</span> <span class='ocrx_word' id='word_1_75' title='bbox 902 1444 1121 1534; x_wconf 83' lang='lat' dir='ltr'>repulsionis,</span> <span class='ocrx_word' id='word_1_76' title='bbox 1154 1460 1208 1511; x_wconf 91' lang='lat' dir='ltr'>aut</span> <span class='ocrx_word' id='word_1_77' title='bbox 1231 1462 1327 1532; x_wconf 92' lang='lat' dir='ltr'>parca</span> <span class='ocrx_word' id='word_1_78' title='bbox 1348 1441 1557 1514; x_wconf 79' lang='lat' dir='ltr'>eleeiricitate</span> <span class='ocrx_word' id='word_1_79' title='bbox 1587 1446 1836 1531; x_wconf 76' lang='lat' dir='ltr'>circumnexa,</span> <span class='ocrx_word' id='word_1_80' title='bbox 1870 1447 1991 1521; x_wconf 86' lang='lat' dir='ltr'>furlum</span> <span class='ocrx_word' id='word_1_81' title='bbox 2006 1475 2085 1543; x_wconf 90' lang='lat' dir='ltr'>pro·</span> 
     </span>
     <span class='ocr_line' id='line_1_9' title="bbox 557 1539 2086 1646; baseline -0.006 -29"><span class='ocrx_word' id='word_1_82' title='bbox 557 1548 656 1639; x_wconf 82' lang='lat' dir='ltr'>pulsa·</span> <span class='ocrx_word' id='word_1_83' title='bbox 681 1543 777 1612; x_wconf 81' lang='lat' dir='ltr'>furit:</span> <span class='ocrx_word' id='word_1_84' title='bbox 810 1539 872 1610; x_wconf 78' lang='lat' dir='ltr'>illae</span> <span class='ocrx_word' id='word_1_85' title='bbox 897 1540 938 1610; x_wconf 91' lang='lat' dir='ltr'>ad</span> <span class='ocrx_word' id='word_1_86' title='bbox 962 1539 1102 1630; x_wconf 86' lang='lat' dir='ltr'>aliquam</span> <span class='ocrx_word' id='word_1_87' title='bbox 1127 1539 1350 1610; x_wconf 90' lang='lat' dir='ltr'>intemrediam</span> <span class='ocrx_word' id='word_1_88' title='bbox 1373 1541 1576 1612; x_wconf 86' lang='lat' dir='ltr'>altitudinem</span> <span class='ocrx_word' id='word_1_89' title='bbox 1599 1541 1825 1628; x_wconf 84' lang='lat' dir='ltr'>adscendent,</span> <span class='ocrx_word' id='word_1_90' title='bbox 1857 1565 1991 1634; x_wconf 82' lang='lat' dir='ltr'>quarunt</span> <span class='ocrx_word' id='word_1_91' title='bbox 2008 1571 2086 1646; x_wconf 75' lang='lat' dir='ltr'>gra.</span> 
     </span>
     <span class='ocr_line' id='line_1_10' title="bbox 557 1634 2086 1734; baseline 0.002 -20"><span class='ocrx_word' id='word_1_92' title='bbox 557 1646 636 1714; x_wconf 89' lang='lat' dir='ltr'>viras</span> <span class='ocrx_word' id='word_1_93' title='bbox 658 1661 732 1708; x_wconf 92' lang='lat' dir='ltr'>cum</span> <span class='ocrx_word' id='word_1_94' title='bbox 759 1639 835 1709; x_wconf 71' lang='lat' dir='ltr'>abre</span> <span class='ocrx_word' id='word_1_95' title='bbox 859 1637 972 1706; x_wconf 80' lang='lat' dir='ltr'>mediae</span> <span class='ocrx_word' id='word_1_96' title='bbox 999 1638 1140 1731; x_wconf 85' lang='lat' dir='ltr'>regionis</span> <span class='ocrx_word' id='word_1_97' title='bbox 1164 1634 1210 1705; x_wconf 85' lang='lat' dir='ltr'>est</span> <span class='ocrx_word' id='word_1_98' title='bbox 1237 1638 1270 1705; x_wconf 93' lang='lat' dir='ltr'>in</span> <span class='ocrx_word' id='word_1_99' title='bbox 1295 1635 1489 1725; x_wconf 83' lang='lat' dir='ltr'>aequilibrio.</span> <span class='ocrx_word' id='word_1_100' title='bbox 1517 1635 1596 1706; x_wconf 90' lang='lat' dir='ltr'>Hoc</span> <span class='ocrx_word' id='word_1_101' title='bbox 1623 1640 1766 1732; x_wconf 90' lang='lat' dir='ltr'>analogo</span> <span class='ocrx_word' id='word_1_102' title='bbox 1789 1642 1934 1730; x_wconf 90' lang='lat' dir='ltr'>quodam</span> <span class='ocrx_word' id='word_1_103' title='bbox 1956 1650 2086 1734; x_wconf 90' lang='lat' dir='ltr'>experi-</span> 
     </span>
     <span class='ocr_line' id='line_1_11' title="bbox 557 1731 2084 1832; baseline 0.003 -24"><span class='ocrx_word' id='word_1_104' title='bbox 557 1758 670 1808; x_wconf 88' lang='lat' dir='ltr'>mento</span> <span class='ocrx_word' id='word_1_105' title='bbox 696 1735 809 1824; x_wconf 79' lang='lat' dir='ltr'>lsoytei</span> <span class='ocrx_word' id='word_1_106' title='bbox 826 1737 1003 1824; x_wconf 90' lang='lat' dir='ltr'>probatur:</span> <span class='ocrx_word' id='word_1_107' title='bbox 1036 1753 1111 1802; x_wconf 90' lang='lat' dir='ltr'>curn</span> <span class='ocrx_word' id='word_1_108' title='bbox 1136 1735 1224 1803; x_wconf 89' lang='lat' dir='ltr'>enim</span> <span class='ocrx_word' id='word_1_109' title='bbox 1246 1731 1389 1821; x_wconf 89' lang='lat' dir='ltr'>spiritum</span> <span class='ocrx_word' id='word_1_110' title='bbox 1414 1734 1489 1803; x_wconf 92' lang='lat' dir='ltr'>nitri</span> <span class='ocrx_word' id='word_1_111' title='bbox 1517 1733 1650 1803; x_wconf 93' lang='lat' dir='ltr'>rubrum</span> <span class='ocrx_word' id='word_1_112' title='bbox 1675 1733 1710 1804; x_wconf 79' lang='lat' dir='ltr'>bt</span> <span class='ocrx_word' id='word_1_113' title='bbox 1726 1735 1907 1808; x_wconf 90' lang='lat' dir='ltr'>fumantem</span> <span class='ocrx_word' id='word_1_114' title='bbox 1928 1743 1962 1810; x_wconf 91' lang='lat' dir='ltr'>in</span> <span class='ocrx_word' id='word_1_115' title='bbox 1978 1744 2084 1832; x_wconf 88' lang='lat' dir='ltr'>phiala</span> 
     </span>
     <span class='ocr_line' id='line_1_12' title="bbox 558 1826 2085 1922; baseline 0.004 -17"><span class='ocrx_word' id='word_1_116' title='bbox 558 1835 614 1905; x_wconf 89' lang='lat' dir='ltr'>suh</span> <span class='ocrx_word' id='word_1_117' title='bbox 641 1835 816 1920; x_wconf 88' lang='lat' dir='ltr'>recipiente</span> <span class='ocrx_word' id='word_1_118' title='bbox 841 1829 1022 1922; x_wconf 89' lang='lat' dir='ltr'>posuerat,</span> <span class='ocrx_word' id='word_1_119' title='bbox 1055 1831 1087 1898; x_wconf 95' lang='lat' dir='ltr'>in</span> <span class='ocrx_word' id='word_1_120' title='bbox 1113 1830 1277 1919; x_wconf 90' lang='lat' dir='ltr'>principio</span> <span class='ocrx_word' id='word_1_121' title='bbox 1304 1828 1442 1901; x_wconf 88' lang='lat' dir='ltr'>muitum</span> <span class='ocrx_word' id='word_1_122' title='bbox 1463 1826 1543 1900; x_wconf 93' lang='lat' dir='ltr'>fumi</span> <span class='ocrx_word' id='word_1_123' title='bbox 1567 1851 1607 1898; x_wconf 90' lang='lat' dir='ltr'>ex</span> <span class='ocrx_word' id='word_1_124' title='bbox 1631 1830 1697 1900; x_wconf 89' lang='lat' dir='ltr'>hoc</span> <span class='ocrx_word' id='word_1_125' title='bbox 1721 1833 1831 1922; x_wconf 92' lang='lat' dir='ltr'>spiritu</span> <span class='ocrx_word' id='word_1_126' title='bbox 1852 1834 2085 1911; x_wconf 80' lang='lat' dir='ltr'>adscendebatr</span> 
     </span>
     <span class='ocr_line' id='line_1_13' title="bbox 558 1925 2087 2019; baseline 0.005 -16"><span class='ocrx_word' id='word_1_127' title='bbox 558 1952 633 2003; x_wconf 90' lang='lat' dir='ltr'>cum</span> <span class='ocrx_word' id='word_1_128' title='bbox 656 1929 852 2016; x_wconf 89' lang='lat' dir='ltr'>aliquantum</span> <span class='ocrx_word' id='word_1_129' title='bbox 884 1929 964 1998; x_wconf 75' lang='lat' dir='ltr'>alitis</span> <span class='ocrx_word' id='word_1_130' title='bbox 989 1927 1170 2009; x_wconf 85' lang='lat' dir='ltr'>eduxerat,</span> <span class='ocrx_word' id='word_1_131' title='bbox 1203 1945 1239 1996; x_wconf 90' lang='lat' dir='ltr'>ut</span> <span class='ocrx_word' id='word_1_132' title='bbox 1260 1925 1403 2015; x_wconf 88' lang='lat' dir='ltr'>reliquus</span> <span class='ocrx_word' id='word_1_133' title='bbox 1436 1931 1536 1998; x_wconf 90' lang='lat' dir='ltr'>rarior</span> <span class='ocrx_word' id='word_1_134' title='bbox 1559 1925 1669 2014; x_wconf 85' lang='lat' dir='ltr'>esset,</span> <span class='ocrx_word' id='word_1_135' title='bbox 1709 1949 1823 2019; x_wconf 90' lang='lat' dir='ltr'>parum</span> <span class='ocrx_word' id='word_1_136' title='bbox 1844 1929 1926 2004; x_wconf 90' lang='lat' dir='ltr'>sumi</span> <span class='ocrx_word' id='word_1_137' title='bbox 1953 1933 2087 2010; x_wconf 88' lang='lat' dir='ltr'>adscen-</span> 
     </span>
     <span class='ocr_line' id='line_1_14' title="bbox 560 2021 1638 2118; baseline -0.004 -19"><span class='ocrx_word' id='word_1_138' title='bbox 560 2029 630 2100; x_wconf 84' lang='lat' dir='ltr'>dit:</span> <span class='ocrx_word' id='word_1_139' title='bbox 665 2026 776 2118; x_wconf 91' lang='lat' dir='ltr'>majori</span> <span class='ocrx_word' id='word_1_140' title='bbox 803 2028 885 2095; x_wconf 89' lang='lat' dir='ltr'>a&#39;c&#39;ris</span> <span class='ocrx_word' id='word_1_141' title='bbox 907 2024 1005 2114; x_wconf 83' lang='lat' dir='ltr'>copii</span> <span class='ocrx_word' id='word_1_142' title='bbox 1033 2023 1209 2109; x_wconf 83' lang='lat' dir='ltr'>exhausti,</span> <span class='ocrx_word' id='word_1_143' title='bbox 1242 2022 1320 2093; x_wconf 89' lang='lat' dir='ltr'>nihil</span> <span class='ocrx_word' id='word_1_144' title='bbox 1350 2021 1432 2094; x_wconf 90' lang='lat' dir='ltr'>fumi</span> <span class='ocrx_word' id='word_1_145' title='bbox 1462 2022 1638 2095; x_wconf 88' lang='lat' dir='ltr'>adscendit.</span> 
     </span>
    </p>
   </div>
   <div class='ocr_carea' id='block_1_3' title="bbox 559 2159 2087 2532">
    <p class='ocr_par' dir='ltr' id='par_1_3' title="bbox 559 2159 2087 2532">
     <span class='ocr_line' id='line_1_15' title="bbox 606 2159 2087 2258; baseline 0.005 -26"><span class='ocrx_word' id='word_1_146' title='bbox 606 2160 637 2258; x_wconf 68' lang='lat' dir='ltr'>i.</span> <span class='ocrx_word' id='word_1_147' title='bbox 664 2159 912 2232; x_wconf 82' lang='lat' dir='ltr'>lllthCCVl.</span> <span class='ocrx_word' id='word_1_148' title='bbox 937 2159 990 2228; x_wconf 91' lang='lat' dir='ltr'>Ex</span> <span class='ocrx_word' id='word_1_149' title='bbox 1013 2159 1062 2228; x_wconf 87' lang='lat' dir='ltr'>his</span> <span class='ocrx_word' id='word_1_150' title='bbox 1087 2159 1219 2246; x_wconf 89' lang='lat' dir='ltr'>liquet,</span> <span class='ocrx_word' id='word_1_151' title='bbox 1252 2160 1297 2227; x_wconf 92' lang='lat' dir='ltr'>ob</span> <span class='ocrx_word' id='word_1_152' title='bbox 1319 2180 1415 2250; x_wconf 93' lang='lat' dir='ltr'>quam</span> <span class='ocrx_word' id='word_1_153' title='bbox 1446 2163 1605 2234; x_wconf 89' lang='lat' dir='ltr'>rationem</span> <span class='ocrx_word' id='word_1_154' title='bbox 1638 2160 1740 2232; x_wconf 86' lang='lat' dir='ltr'>nubes</span> <span class='ocrx_word' id='word_1_155' title='bbox 1774 2164 1808 2230; x_wconf 87' lang='lat' dir='ltr'>in</span> <span class='ocrx_word' id='word_1_156' title='bbox 1831 2161 2043 2236; x_wconf 78' lang='lat' dir='ltr'>diuersissimis</span> <span class='ocrx_word' id='word_1_157' title='bbox 2063 2189 2087 2240; x_wconf 90' lang='lat' dir='ltr'>a</span> 
     </span>
     <span class='ocr_line' id='line_1_16' title="bbox 560 2251 2084 2344; baseline 0.004 -16"><span class='ocrx_word' id='word_1_158' title='bbox 560 2257 641 2329; x_wconf 87' lang='lat' dir='ltr'>terra</span> <span class='ocrx_word' id='word_1_159' title='bbox 661 2259 884 2326; x_wconf 87' lang='lat' dir='ltr'>altitudinibus</span> <span class='ocrx_word' id='word_1_160' title='bbox 906 2253 1116 2335; x_wconf 85' lang='lat' dir='ltr'>formentur,</span> <span class='ocrx_word' id='word_1_161' title='bbox 1144 2251 1178 2322; x_wconf 71' lang='grc' dir='ltr'>ἂ</span> <span class='ocrx_word' id='word_1_162' title='bbox 1200 2253 1356 2324; x_wconf 87' lang='lat' dir='ltr'>Meteora</span> <span class='ocrx_word' id='word_1_163' title='bbox 1376 2260 1437 2326; x_wconf 90' lang='lat' dir='ltr'>alia</span> <span class='ocrx_word' id='word_1_164' title='bbox 1460 2279 1547 2344; x_wconf 83' lang='lat' dir='ltr'>nunc</span> <span class='ocrx_word' id='word_1_165' title='bbox 1562 2275 1666 2344; x_wconf 86' lang='lat' dir='ltr'>prope</span> <span class='ocrx_word' id='word_1_166' title='bbox 1688 2253 1796 2326; x_wconf 70' lang='lat' dir='ltr'>Terra</span> <span class='ocrx_word' id='word_1_167' title='bbox 1819 2255 1954 2338; x_wconf 87' lang='lat' dir='ltr'>folum,</span> <span class='ocrx_word' id='word_1_168' title='bbox 1987 2284 2084 2335; x_wconf 89' lang='lat' dir='ltr'>nunc</span> 
     </span>
     <span class='ocr_line' id='line_1_17' title="bbox 559 2349 2085 2446; baseline 0.007 -24"><span class='ocrx_word' id='word_1_169' title='bbox 559 2357 592 2422; x_wconf 93' lang='lat' dir='ltr'>in</span> <span class='ocrx_word' id='word_1_170' title='bbox 617 2351 729 2442; x_wconf 88' lang='lat' dir='ltr'>majori</span> <span class='ocrx_word' id='word_1_171' title='bbox 755 2349 891 2420; x_wconf 78' lang='lat' dir='ltr'>iTerra</span> <span class='ocrx_word' id='word_1_172' title='bbox 920 2349 1087 2420; x_wconf 88' lang='lat' dir='ltr'>intervallo</span> <span class='ocrx_word' id='word_1_173' title='bbox 1111 2353 1333 2446; x_wconf 88' lang='lat' dir='ltr'>contingant:</span> <span class='ocrx_word' id='word_1_174' title='bbox 1369 2373 1438 2422; x_wconf 92' lang='lat' dir='ltr'>tum</span> <span class='ocrx_word' id='word_1_175' title='bbox 1467 2369 1567 2439; x_wconf 90' lang='lat' dir='ltr'>quare</span> <span class='ocrx_word' id='word_1_176' title='bbox 1599 2367 1720 2422; x_wconf 85' lang='lat' dir='ltr'>mutata</span> <span class='ocrx_word' id='word_1_177' title='bbox 1749 2353 1832 2422; x_wconf 64' lang='lat' dir='ltr'>asiis</span> <span class='ocrx_word' id='word_1_178' title='bbox 1863 2353 2015 2428; x_wconf 84' lang='lat' dir='ltr'>dealitate</span> <span class='ocrx_word' id='word_1_179' title='bbox 2043 2363 2085 2434; x_wconf 84' lang='lat' dir='ltr'>in</span> 
     </span>
     <span class='ocr_line' id='line_1_18' title="bbox 560 2445 1576 2532; baseline -0.002 -12"><span class='ocrx_word' id='word_1_180' title='bbox 560 2449 679 2520; x_wconf 89' lang='lat' dir='ltr'>eodem</span> <span class='ocrx_word' id='word_1_181' title='bbox 706 2447 811 2532; x_wconf 91' lang='lat' dir='ltr'>loco,</span> <span class='ocrx_word' id='word_1_182' title='bbox 845 2447 1065 2517; x_wconf 85' lang='lat' dir='ltr'>exhalationes</span> <span class='ocrx_word' id='word_1_183' title='bbox 1088 2446 1306 2532; x_wconf 77' lang='lat' dir='ltr'>adscendent,</span> <span class='ocrx_word' id='word_1_184' title='bbox 1331 2445 1576 2519; x_wconf 86' lang='lat' dir='ltr'>descendantve.</span> 
     </span>
    </p>
   </div>
   <div class='ocr_carea' id='block_1_4' title="bbox 559 2565 2127 3160">
    <p class='ocr_par' dir='ltr' id='par_1_4' title="bbox 559 2565 2127 3160">
     <span class='ocr_line' id='line_1_19' title="bbox 609 2565 2084 2662; baseline 0.009 -26"><span class='ocrx_word' id='word_1_185' title='bbox 609 2565 639 2660; x_wconf 68' lang='lat' dir='ltr'>i.</span> <span class='ocrx_word' id='word_1_186' title='bbox 669 2565 932 2638; x_wconf 83' lang='lat' dir='ltr'>uiulcccvil.</span> <span class='ocrx_word' id='word_1_187' title='bbox 960 2565 1041 2662; x_wconf 86' lang='lat' dir='ltr'>Quo</span> <span class='ocrx_word' id='word_1_188' title='bbox 1060 2570 1287 2656; x_wconf 81' lang='lat' dir='ltr'>Atinasphaera</span> <span class='ocrx_word' id='word_1_189' title='bbox 1309 2567 1356 2637; x_wconf 87' lang='lat' dir='ltr'>est</span> <span class='ocrx_word' id='word_1_190' title='bbox 1372 2566 1521 2653; x_wconf 84' lang='lat' dir='ltr'>densior,</span> <span class='ocrx_word' id='word_1_191' title='bbox 1546 2570 1745 2662; x_wconf 85' lang='lat' dir='ltr'>vaporibus,</span> <span class='ocrx_word' id='word_1_192' title='bbox 1771 2565 2084 2656; x_wconf 84' lang='lat' dir='ltr'>&amp;exhalationibus</span> 
     </span>
     <span class='ocr_line' id='line_1_20' title="bbox 561 2663 2085 2762; baseline -0.005 -28"><span class='ocrx_word' id='word_1_193' title='bbox 561 2665 777 2752; x_wconf 86' lang='lat' dir='ltr'>recipiendis,</span> <span class='ocrx_word' id='word_1_194' title='bbox 804 2665 1075 2750; x_wconf 88' lang='lat' dir='ltr'>fulientamlisque</span> <span class='ocrx_word' id='word_1_195' title='bbox 1101 2663 1146 2730; x_wconf 85' lang='lat' dir='ltr'>eil</span> <span class='ocrx_word' id='word_1_196' title='bbox 1175 2667 1305 2754; x_wconf 91' lang='lat' dir='ltr'>aptior:</span> <span class='ocrx_word' id='word_1_197' title='bbox 1341 2688 1410 2756; x_wconf 92' lang='lat' dir='ltr'>quo</span> <span class='ocrx_word' id='word_1_198' title='bbox 1432 2667 1487 2736; x_wconf 58' lang='lat' dir='ltr'>ast</span> <span class='ocrx_word' id='word_1_199' title='bbox 1515 2669 1644 2752; x_wconf 91' lang='lat' dir='ltr'>rarior,</span> <span class='ocrx_word' id='word_1_200' title='bbox 1687 2689 1731 2740; x_wconf 88' lang='lat' dir='ltr'>eo</span> <span class='ocrx_word' id='word_1_201' title='bbox 1754 2669 1895 2762; x_wconf 76' lang='lat' dir='ltr'>ineptior</span> <span class='ocrx_word' id='word_1_202' title='bbox 1927 2679 2006 2746; x_wconf 58' lang='lat' dir='ltr'>erit:</span> <span class='ocrx_word' id='word_1_203' title='bbox 2040 2679 2085 2752; x_wconf 68' lang='lat' dir='ltr'>est</span> 
     </span>
     <span class='ocr_line' id='line_1_21' title="bbox 559 2756 2085 2856; baseline 0.004 -28"><span class='ocrx_word' id='word_1_204' title='bbox 559 2759 677 2848; x_wconf 83' lang='lat' dir='ltr'>hyeme</span> <span class='ocrx_word' id='word_1_205' title='bbox 696 2761 923 2850; x_wconf 82' lang='lat' dir='ltr'>Atnrosphaera</span> <span class='ocrx_word' id='word_1_206' title='bbox 951 2756 1065 2850; x_wconf 88' lang='lat' dir='ltr'>frigida</span> <span class='ocrx_word' id='word_1_207' title='bbox 1093 2759 1242 2842; x_wconf 85' lang='lat' dir='ltr'>densior,</span> <span class='ocrx_word' id='word_1_208' title='bbox 1265 2757 1300 2830; x_wconf 76' lang='lat' dir='ltr'>bt</span> <span class='ocrx_word' id='word_1_209' title='bbox 1328 2767 1481 2856; x_wconf 88' lang='lat' dir='ltr'>gravior,</span> <span class='ocrx_word' id='word_1_210' title='bbox 1508 2767 1554 2832; x_wconf 89' lang='lat' dir='ltr'>uti</span> <span class='ocrx_word' id='word_1_211' title='bbox 1584 2765 1824 2838; x_wconf 84' lang='lat' dir='ltr'>observationes</span> <span class='ocrx_word' id='word_1_212' title='bbox 1855 2767 2085 2850; x_wconf 66' lang='lat' dir='ltr'>Barometricae</span> 
     </span>
     <span class='ocr_line' id='line_1_22' title="bbox 559 2853 2127 2961; baseline 0.012 -37"><span class='ocrx_word' id='word_1_213' title='bbox 559 2855 654 2946; x_wconf 83' lang='lat' dir='ltr'>liujus</span> <span class='ocrx_word' id='word_1_214' title='bbox 680 2859 823 2948; x_wconf 84' lang='lat' dir='ltr'>regionis</span> <span class='ocrx_word' id='word_1_215' title='bbox 851 2853 1040 2923; x_wconf 87' lang='lat' dir='ltr'>ostendunt:</span> <span class='ocrx_word' id='word_1_216' title='bbox 1067 2857 1280 2941; x_wconf 89' lang='lat' dir='ltr'>quamobrem</span> <span class='ocrx_word' id='word_1_217' title='bbox 1312 2857 1429 2946; x_wconf 84' lang='lat' dir='ltr'>hyeme</span> <span class='ocrx_word' id='word_1_218' title='bbox 1451 2859 1679 2952; x_wconf 84' lang='lat' dir='ltr'>Annosphaera</span> <span class='ocrx_word' id='word_1_219' title='bbox 1708 2867 1879 2937; x_wconf 88' lang='lat' dir='ltr'>maximam</span> <span class='ocrx_word' id='word_1_220' title='bbox 1902 2891 2084 2961; x_wconf 87' lang='lat' dir='ltr'>vaporum,</span> <span class='ocrx_word' id='word_1_221' title='bbox 2120 2949 2127 2960; x_wconf 65' lang='grc'>,</span> 
     </span>
     <span class='ocr_line' id='line_1_23' title="bbox 562 2947 2087 3060; baseline 0.005 -34"><span class='ocrx_word' id='word_1_222' title='bbox 562 2947 596 3021; x_wconf 88' lang='lat'>&amp;</span> <span class='ocrx_word' id='word_1_223' title='bbox 628 2951 867 3022; x_wconf 88' lang='lat' dir='ltr'>exhalationum</span> <span class='ocrx_word' id='word_1_224' title='bbox 899 2952 1028 3039; x_wconf 90' lang='lat' dir='ltr'>copiam</span> <span class='ocrx_word' id='word_1_225' title='bbox 1065 2957 1231 3040; x_wconf 89' lang='lat' dir='ltr'>recipere,</span> <span class='ocrx_word' id='word_1_226' title='bbox 1257 2949 1291 3022; x_wconf 76' lang='lat' dir='ltr'>dt</span> <span class='ocrx_word' id='word_1_227' title='bbox 1320 2957 1457 3028; x_wconf 90' lang='lat' dir='ltr'>retinere</span> <span class='ocrx_word' id='word_1_228' title='bbox 1487 2961 1626 3047; x_wconf 86' lang='lat' dir='ltr'>poterit:</span> <span class='ocrx_word' id='word_1_229' title='bbox 1653 2955 1690 3030; x_wconf 70' lang='grc' dir='ltr'>ἃ</span> <span class='ocrx_word' id='word_1_230' title='bbox 1714 2959 1792 3032; x_wconf 90' lang='lat' dir='ltr'>ideo</span> <span class='ocrx_word' id='word_1_231' title='bbox 1826 2981 1894 3034; x_wconf 90' lang='lat' dir='ltr'>tum</span> <span class='ocrx_word' id='word_1_232' title='bbox 1928 2974 2087 3060; x_wconf 70' lang='lat' dir='ltr'>temporis</span> 
     </span>
     <span class='ocr_line' id='line_1_24' title="bbox 560 3045 2083 3160; baseline 0.007 -42"><span class='ocrx_word' id='word_1_233' title='bbox 560 3048 700 3138; x_wconf 90' lang='lat' dir='ltr'>plurima</span> <span class='ocrx_word' id='word_1_234' title='bbox 723 3067 867 3116; x_wconf 85' lang='lat' dir='ltr'>irreteora</span> <span class='ocrx_word' id='word_1_235' title='bbox 888 3051 1063 3113; x_wconf 75' lang='lat' dir='ltr'>eveniunt:</span> <span class='ocrx_word' id='word_1_236' title='bbox 1099 3045 1133 3114; x_wconf 79' lang='lat' dir='ltr'>dt</span> <span class='ocrx_word' id='word_1_237' title='bbox 1159 3053 1233 3139; x_wconf 88' lang='lat' dir='ltr'>quia</span> <span class='ocrx_word' id='word_1_238' title='bbox 1259 3050 1330 3122; x_wconf 88' lang='lat' dir='ltr'>haec</span> <span class='ocrx_word' id='word_1_239' title='bbox 1356 3056 1438 3124; x_wconf 90' lang='lat' dir='ltr'>ratio</span> <span class='ocrx_word' id='word_1_240' title='bbox 1459 3053 1654 3144; x_wconf 83' lang='lat' dir='ltr'>potiffimum</span> <span class='ocrx_word' id='word_1_241' title='bbox 1680 3059 1717 3129; x_wconf 90' lang='lat' dir='ltr'>in</span> <span class='ocrx_word' id='word_1_242' title='bbox 1747 3055 1871 3156; x_wconf 85' lang='lat' dir='ltr'>frigidis</span> <span class='ocrx_word' id='word_1_243' title='bbox 1893 3067 2083 3160; x_wconf 74' lang='lat' dir='ltr'>regionibus</span> 
     </span>
    </p>
   </div>
   <div class='ocr_carea' id='block_1_5' title="bbox 560 3139 2086 3322">
    <p class='ocr_par' dir='ltr' id='par_1_5' title="bbox 560 3139 2086 3322">
     <span class='ocr_line' id='line_1_25' title="bbox 560 3139 2086 3304; baseline 0.011 -92"><span class='ocrx_word' id='word_1_244' title='bbox 560 3144 671 3214; x_wconf 88' lang='lat' dir='ltr'>locum</span> <span class='ocrx_word' id='word_1_245' title='bbox 698 3146 819 3304; x_wconf 66' lang='lat' dir='ltr'>habset,</span> <span class='ocrx_word' id='word_1_246' title='bbox 853 3139 1055 3244; x_wconf 79' lang='lat' dir='ltr'>inartifestum</span> <span class='ocrx_word' id='word_1_247' title='bbox 1083 3143 1158 3230; x_wconf 88' lang='lat' dir='ltr'>est,</span> <span class='ocrx_word' id='word_1_248' title='bbox 1193 3168 1292 3237; x_wconf 84' lang='lat' dir='ltr'>quare</span> <span class='ocrx_word' id='word_1_249' title='bbox 1318 3150 1352 3219; x_wconf 89' lang='lat' dir='ltr'>itt</span> <span class='ocrx_word' id='word_1_250' title='bbox 1383 3149 1432 3220; x_wconf 86' lang='lat' dir='ltr'>his</span> <span class='ocrx_word' id='word_1_251' title='bbox 1465 3149 1558 3243; x_wconf 84' lang='lat' dir='ltr'>plura</span> <span class='ocrx_word' id='word_1_252' title='bbox 1582 3173 1756 3242; x_wconf 68' lang='lat' dir='ltr'>meteone,</span> <span class='ocrx_word' id='word_1_253' title='bbox 1788 3179 1885 3250; x_wconf 82' lang='lat' dir='ltr'>quam</span> <span class='ocrx_word' id='word_1_254' title='bbox 1911 3163 1945 3232; x_wconf 86' lang='lat' dir='ltr'>iu</span> <span class='ocrx_word' id='word_1_255' title='bbox 1971 3163 2086 3236; x_wconf 83' lang='lat' dir='ltr'>calidis</span> 
     </span>
     <span class='ocr_line' id='line_1_26' title="bbox 561 3238 923 3322; baseline 0 -16"><span class='ocrx_word' id='word_1_256' title='bbox 561 3238 669 3322; x_wconf 82' lang='lat' dir='ltr'>locis,</span> <span class='ocrx_word' id='word_1_257' title='bbox 706 3243 923 3306; x_wconf 79' lang='lat' dir='ltr'>olrurvantur.</span> 
     </span>
    </p>
   </div>
   <div class='ocr_carea' id='block_1_6' title="bbox 559 3351 2083 5036">
    <p class='ocr_par' dir='ltr' id='par_1_6' title="bbox 559 3351 2083 4416">
     <span class='ocr_line' id='line_1_27' title="bbox 611 3351 2077 3465; baseline 0.02 -45"><span class='ocrx_word' id='word_1_258' title='bbox 611 3351 642 3450; x_wconf 67' lang='lat' dir='ltr'>i.</span> <span class='ocrx_word' id='word_1_259' title='bbox 671 3352 952 3428; x_wconf 80' lang='lat' dir='ltr'>lillthCCVlll.</span> <span class='ocrx_word' id='word_1_260' title='bbox 977 3357 1126 3434; x_wconf 84' lang='lat' dir='ltr'>Vidimus</span> <span class='ocrx_word' id='word_1_261' title='bbox 1141 3363 1229 3456; x_wconf 86' lang='lat' dir='ltr'>jam,</span> <span class='ocrx_word' id='word_1_262' title='bbox 1253 3364 1403 3458; x_wconf 87' lang='lat' dir='ltr'>Vapores</span> <span class='ocrx_word' id='word_1_263' title='bbox 1423 3368 1456 3442; x_wconf 76' lang='lat' dir='ltr'>bt</span> <span class='ocrx_word' id='word_1_264' title='bbox 1473 3372 1641 3444; x_wconf 88' lang='lat' dir='ltr'>Anhelitus</span> <span class='ocrx_word' id='word_1_265' title='bbox 1655 3375 1688 3446; x_wconf 91' lang='lat' dir='ltr'>in</span> <span class='ocrx_word' id='word_1_266' title='bbox 1711 3371 1842 3446; x_wconf 91' lang='lat' dir='ltr'>sublime</span> <span class='ocrx_word' id='word_1_267' title='bbox 1856 3375 2077 3465; x_wconf 69' lang='lat' dir='ltr'>adscendisse,</span> 
     </span>
     <span class='ocr_line' id='line_1_28' title="bbox 562 3456 2080 3563; baseline 0.018 -43"><span class='ocrx_word' id='word_1_268' title='bbox 562 3471 602 3520; x_wconf 90' lang='lat' dir='ltr'>ex</span> <span class='ocrx_word' id='word_1_269' title='bbox 627 3471 693 3538; x_wconf 94' lang='lat' dir='ltr'>quo</span> <span class='ocrx_word' id='word_1_270' title='bbox 718 3473 784 3522; x_wconf 91' lang='lat' dir='ltr'>non</span> <span class='ocrx_word' id='word_1_271' title='bbox 807 3459 874 3524; x_wconf 93' lang='lat' dir='ltr'>cito</span> <span class='ocrx_word' id='word_1_272' title='bbox 900 3456 1108 3544; x_wconf 87' lang='lat' dir='ltr'>relabuntur,</span> <span class='ocrx_word' id='word_1_273' title='bbox 1133 3485 1208 3533; x_wconf 92' lang='lat' dir='ltr'>cum</span> <span class='ocrx_word' id='word_1_274' title='bbox 1233 3463 1315 3556; x_wconf 88' lang='lat' dir='ltr'>saepe</span> <span class='ocrx_word' id='word_1_275' title='bbox 1340 3471 1418 3555; x_wconf 89' lang='lat' dir='ltr'>diu,</span> <span class='ocrx_word' id='word_1_276' title='bbox 1443 3470 1554 3542; x_wconf 91' lang='lat' dir='ltr'>multis</span> <span class='ocrx_word' id='word_1_277' title='bbox 1568 3470 1703 3554; x_wconf 89' lang='lat' dir='ltr'>diebus,</span> <span class='ocrx_word' id='word_1_278' title='bbox 1727 3465 1962 3563; x_wconf 82' lang='lat' dir='ltr'>&amp;septimanis</span> <span class='ocrx_word' id='word_1_279' title='bbox 1981 3478 2019 3546; x_wconf 93' lang='lat' dir='ltr'>in</span> <span class='ocrx_word' id='word_1_280' title='bbox 2034 3497 2080 3549; x_wconf 89' lang='lat' dir='ltr'>eo</span> 
     </span>
     <span class='ocr_line' id='line_1_29' title="bbox 562 3549 2083 3660; baseline 0.02 -46"><span class='ocrx_word' id='word_1_281' title='bbox 562 3567 702 3646; x_wconf 88' lang='lat' dir='ltr'>pergunt</span> <span class='ocrx_word' id='word_1_282' title='bbox 728 3549 895 3642; x_wconf 76' lang='lat' dir='ltr'>stupendi,</span> <span class='ocrx_word' id='word_1_283' title='bbox 921 3562 1067 3644; x_wconf 88' lang='lat' dir='ltr'>quamvis</span> <span class='ocrx_word' id='word_1_284' title='bbox 1093 3560 1216 3626; x_wconf 76' lang='lat' dir='ltr'>in&#39;adre</span> <span class='ocrx_word' id='word_1_285' title='bbox 1233 3563 1371 3631; x_wconf 90' lang='lat' dir='ltr'>multum</span> <span class='ocrx_word' id='word_1_286' title='bbox 1393 3567 1551 3659; x_wconf 82' lang='lat' dir='ltr'>frigidiori</span> <span class='ocrx_word' id='word_1_287' title='bbox 1573 3565 1760 3650; x_wconf 87' lang='lat' dir='ltr'>versentut·,</span> <span class='ocrx_word' id='word_1_288' title='bbox 1781 3591 1858 3639; x_wconf 87' lang='lat' dir='ltr'>nam</span> <span class='ocrx_word' id='word_1_289' title='bbox 1875 3571 2083 3660; x_wconf 76' lang='lat' dir='ltr'>utmorphae-</span> 
     </span>
     <span class='ocr_line' id='line_1_30' title="bbox 561 3650 2083 3762; baseline 0.02 -49"><span class='ocrx_word' id='word_1_290' title='bbox 561 3665 595 3713; x_wconf 89' lang='lat' dir='ltr'>ra</span> <span class='ocrx_word' id='word_1_291' title='bbox 618 3667 687 3736; x_wconf 92' lang='lat' dir='ltr'>quo</span> <span class='ocrx_word' id='word_1_292' title='bbox 708 3650 842 3730; x_wconf 87' lang='lat' dir='ltr'>editior,</span> <span class='ocrx_word' id='word_1_293' title='bbox 869 3671 910 3719; x_wconf 92' lang='lat' dir='ltr'>eo</span> <span class='ocrx_word' id='word_1_294' title='bbox 929 3651 1075 3746; x_wconf 88' lang='lat' dir='ltr'>liigidior</span> <span class='ocrx_word' id='word_1_295' title='bbox 1097 3653 1172 3739; x_wconf 84' lang='lat' dir='ltr'>est;</span> <span class='ocrx_word' id='word_1_296' title='bbox 1199 3657 1276 3726; x_wconf 90' lang='lat' dir='ltr'>ideo</span> <span class='ocrx_word' id='word_1_297' title='bbox 1302 3659 1394 3729; x_wconf 91' lang='lat' dir='ltr'>causa</span> <span class='ocrx_word' id='word_1_298' title='bbox 1418 3661 1659 3752; x_wconf 71' lang='lat' dir='ltr'>perseverantia</span> <span class='ocrx_word' id='word_1_299' title='bbox 1690 3663 1723 3732; x_wconf 94' lang='lat' dir='ltr'>in</span> <span class='ocrx_word' id='word_1_300' title='bbox 1749 3661 1831 3734; x_wconf 90' lang='lat' dir='ltr'>locis</span> <span class='ocrx_word' id='word_1_301' title='bbox 1863 3662 2083 3762; x_wconf 86' lang='lat' dir='ltr'>frigidioribus</span> 
     </span>
     <span class='ocr_line' id='line_1_31' title="bbox 563 3737 2082 3854; baseline 0.018 -44"><span class='ocrx_word' id='word_1_302' title='bbox 563 3737 674 3834; x_wconf 85' lang='lat' dir='ltr'>ignis,</span> <span class='ocrx_word' id='word_1_303' title='bbox 696 3741 729 3810; x_wconf 83' lang='lat' dir='ltr'>dt</span> <span class='ocrx_word' id='word_1_304' title='bbox 751 3746 1016 3835; x_wconf 88' lang='lat' dir='ltr'>corpusculorum</span> <span class='ocrx_word' id='word_1_305' title='bbox 1038 3748 1203 3819; x_wconf 79' lang='lat' dir='ltr'>raresattio</span> <span class='ocrx_word' id='word_1_306' title='bbox 1229 3753 1293 3824; x_wconf 88' lang='lat' dir='ltr'>eise</span> <span class='ocrx_word' id='word_1_307' title='bbox 1318 3758 1441 3848; x_wconf 90' lang='lat' dir='ltr'>nequit.</span> <span class='ocrx_word' id='word_1_308' title='bbox 1492 3757 1556 3828; x_wconf 91' lang='lat' dir='ltr'>Sed</span> <span class='ocrx_word' id='word_1_309' title='bbox 1573 3757 1660 3843; x_wconf 89' lang='lat' dir='ltr'>alia,</span> <span class='ocrx_word' id='word_1_310' title='bbox 1686 3755 1826 3832; x_wconf 87' lang='lat' dir='ltr'>&amp;forte</span> <span class='ocrx_word' id='word_1_311' title='bbox 1846 3761 1957 3854; x_wconf 90' lang='lat' dir='ltr'>plures</span> <span class='ocrx_word' id='word_1_312' title='bbox 1982 3765 2082 3838; x_wconf 79' lang='lat' dir='ltr'>causa</span> 
     </span>
     <span class='ocr_line' id='line_1_32' title="bbox 563 3839 2081 3955; baseline 0.021 -52"><span class='ocrx_word' id='word_1_313' title='bbox 563 3839 655 3906; x_wconf 86' lang='lat' dir='ltr'>simul</span> <span class='ocrx_word' id='word_1_314' title='bbox 680 3859 898 3909; x_wconf 82' lang='lat' dir='ltr'>concurrunt:</span> <span class='ocrx_word' id='word_1_315' title='bbox 946 3864 992 3912; x_wconf 83' lang='lat'>10.</span> <span class='ocrx_word' id='word_1_316' title='bbox 1020 3847 1096 3933; x_wconf 89' lang='lat' dir='ltr'>quia</span> <span class='ocrx_word' id='word_1_317' title='bbox 1126 3850 1181 3916; x_wconf 78' lang='lat' dir='ltr'>adr</span> <span class='ocrx_word' id='word_1_318' title='bbox 1208 3849 1303 3920; x_wconf 89' lang='lat' dir='ltr'>estin</span> <span class='ocrx_word' id='word_1_319' title='bbox 1330 3873 1490 3948; x_wconf 74' lang='lat' dir='ltr'>perpetuo</span> <span class='ocrx_word' id='word_1_320' title='bbox 1514 3877 1632 3942; x_wconf 92' lang='lat' dir='ltr'>motu,</span> <span class='ocrx_word' id='word_1_321' title='bbox 1674 3859 1721 3928; x_wconf 87' lang='lat' dir='ltr'>uti</span> <span class='ocrx_word' id='word_1_322' title='bbox 1746 3856 1855 3929; x_wconf 88' lang='lat' dir='ltr'>videre</span> <span class='ocrx_word' id='word_1_323' title='bbox 1883 3859 1930 3930; x_wconf 87' lang='lat' dir='ltr'>est</span> <span class='ocrx_word' id='word_1_324' title='bbox 1953 3862 1987 3932; x_wconf 92' lang='lat' dir='ltr'>in</span> <span class='ocrx_word' id='word_1_325' title='bbox 2010 3863 2081 3955; x_wconf 89' lang='lat' dir='ltr'>pul·</span> 
     </span>
     <span class='ocr_line' id='line_1_33' title="bbox 562 3929 2079 4037; baseline 0.021 -37"><span class='ocrx_word' id='word_1_326' title='bbox 562 3929 688 4000; x_wconf 86' lang='lat' dir='ltr'>visculis</span> <span class='ocrx_word' id='word_1_327' title='bbox 703 3932 911 4006; x_wconf 82' lang='lat' dir='ltr'>volitantibus</span> <span class='ocrx_word' id='word_1_328' title='bbox 938 3941 970 4009; x_wconf 92' lang='lat' dir='ltr'>in</span> <span class='ocrx_word' id='word_1_329' title='bbox 995 3943 1086 4010; x_wconf 92' lang='lat' dir='ltr'>radio</span> <span class='ocrx_word' id='word_1_330' title='bbox 1111 3942 1223 4028; x_wconf 90' lang='lat' dir='ltr'>Solis,</span> <span class='ocrx_word' id='word_1_331' title='bbox 1250 3951 1306 4037; x_wconf 91' lang='lat' dir='ltr'>qui</span> <span class='ocrx_word' id='word_1_332' title='bbox 1331 3950 1361 4022; x_wconf 81' lang='lat' dir='ltr'>fe</span> <span class='ocrx_word' id='word_1_333' title='bbox 1383 3956 1417 4023; x_wconf 93' lang='lat' dir='ltr'>in</span> <span class='ocrx_word' id='word_1_334' title='bbox 1439 3971 1598 4026; x_wconf 87' lang='lat' dir='ltr'>cameram</span> <span class='ocrx_word' id='word_1_335' title='bbox 1622 3951 1791 4026; x_wconf 83' lang='lat' dir='ltr'>obscuram</span> <span class='ocrx_word' id='word_1_336' title='bbox 1812 3957 1978 4028; x_wconf 85' lang='lat' dir='ltr'>infundit:</span> <span class='ocrx_word' id='word_1_337' title='bbox 2003 3959 2079 4032; x_wconf 92' lang='lat' dir='ltr'>licet</span> 
     </span>
     <span class='ocr_line' id='line_1_34' title="bbox 563 4023 2079 4144; baseline 0.023 -50"><span class='ocrx_word' id='word_1_338' title='bbox 563 4023 729 4118; x_wconf 90' lang='lat' dir='ltr'>pulvisculi</span> <span class='ocrx_word' id='word_1_339' title='bbox 756 4031 830 4102; x_wconf 76' lang='lat' dir='ltr'>adre</span> <span class='ocrx_word' id='word_1_340' title='bbox 849 4033 907 4105; x_wconf 85' lang='lat' dir='ltr'>sint</span> <span class='ocrx_word' id='word_1_341' title='bbox 922 4041 1105 4134; x_wconf 88' lang='lat' dir='ltr'>graviores,</span> <span class='ocrx_word' id='word_1_342' title='bbox 1132 4063 1325 4116; x_wconf 88' lang='lat' dir='ltr'>nontamen</span> <span class='ocrx_word' id='word_1_343' title='bbox 1346 4048 1517 4123; x_wconf 87' lang='lat' dir='ltr'>labuntur:</span> <span class='ocrx_word' id='word_1_344' title='bbox 1543 4049 1614 4122; x_wconf 93' lang='lat' dir='ltr'>sunt</span> <span class='ocrx_word' id='word_1_345' title='bbox 1635 4073 1742 4144; x_wconf 87' lang='lat' dir='ltr'>partes</span> <span class='ocrx_word' id='word_1_346' title='bbox 1761 4055 1905 4144; x_wconf 88' lang='lat' dir='ltr'>vaporis,</span> <span class='ocrx_word' id='word_1_347' title='bbox 1930 4051 2079 4128; x_wconf 84' lang='lat' dir='ltr'>&amp;anhe-</span> 
     </span>
     <span class='ocr_line' id='line_1_35' title="bbox 563 4123 2078 4246; baseline 0.021 -53"><span class='ocrx_word' id='word_1_348' title='bbox 563 4123 638 4195; x_wconf 87' lang='lat' dir='ltr'>litus</span> <span class='ocrx_word' id='word_1_349' title='bbox 665 4127 770 4199; x_wconf 91' lang='lat' dir='ltr'>multo</span> <span class='ocrx_word' id='word_1_350' title='bbox 793 4135 956 4206; x_wconf 88' lang='lat' dir='ltr'>tenuiores</span> <span class='ocrx_word' id='word_1_351' title='bbox 979 4139 1016 4205; x_wconf 88' lang='lat' dir='ltr'>iis</span> <span class='ocrx_word' id='word_1_352' title='bbox 1032 4137 1234 4226; x_wconf 84' lang='lat' dir='ltr'>pulvisculis,</span> <span class='ocrx_word' id='word_1_353' title='bbox 1259 4145 1410 4237; x_wconf 88' lang='lat' dir='ltr'>adeoque</span> <span class='ocrx_word' id='word_1_354' title='bbox 1440 4153 1475 4219; x_wconf 94' lang='lat' dir='ltr'>in</span> <span class='ocrx_word' id='word_1_355' title='bbox 1495 4151 1568 4220; x_wconf 73' lang='lat' dir='ltr'>aire</span> <span class='ocrx_word' id='word_1_356' title='bbox 1593 4147 1719 4238; x_wconf 88' lang='lat' dir='ltr'>serrtper</span> <span class='ocrx_word' id='word_1_357' title='bbox 1740 4141 1861 4246; x_wconf 90' lang='lat' dir='ltr'>agitato</span> <span class='ocrx_word' id='word_1_358' title='bbox 1884 4149 2078 4242; x_wconf 86' lang='lat' dir='ltr'>suspenden-</span> 
     </span>
     <span class='ocr_line' id='line_1_36' title="bbox 563 4231 2077 4340; baseline 0.02 -50"><span class='ocrx_word' id='word_1_359' title='bbox 563 4241 641 4303; x_wconf 88' lang='lat' dir='ltr'>tur,</span> <span class='ocrx_word' id='word_1_360' title='bbox 675 4231 916 4301; x_wconf 90' lang='lat' dir='ltr'>movcbuntur:</span> <span class='ocrx_word' id='word_1_361' title='bbox 948 4234 1045 4304; x_wconf 88' lang='lat' dir='ltr'>veluti</span> <span class='ocrx_word' id='word_1_362' title='bbox 1068 4240 1163 4309; x_wconf 90' lang='lat' dir='ltr'>etiam</span> <span class='ocrx_word' id='word_1_363' title='bbox 1191 4239 1308 4328; x_wconf 90' lang='lat' dir='ltr'>lituus,</span> <span class='ocrx_word' id='word_1_364' title='bbox 1325 4243 1360 4314; x_wconf 80' lang='lat' dir='ltr'>bt</span> <span class='ocrx_word' id='word_1_365' title='bbox 1383 4267 1478 4318; x_wconf 89' lang='lat' dir='ltr'>arena</span> <span class='ocrx_word' id='word_1_366' title='bbox 1498 4248 1533 4318; x_wconf 93' lang='lat' dir='ltr'>in</span> <span class='ocrx_word' id='word_1_367' title='bbox 1554 4242 1654 4318; x_wconf 85' lang='lat' dir='ltr'>fluuio</span> <span class='ocrx_word' id='word_1_368' title='bbox 1675 4249 1832 4318; x_wconf 88' lang='lat' dir='ltr'>currentis</span> <span class='ocrx_word' id='word_1_369' title='bbox 1851 4249 1955 4340; x_wconf 83' lang='lat' dir='ltr'>tiquae</span> <span class='ocrx_word' id='word_1_370' title='bbox 1969 4267 2077 4337; x_wconf 91' lang='lat' dir='ltr'>natat,</span> 
     </span>
     <span class='ocr_line' id='line_1_37' title="bbox 559 4329 1213 4416; baseline 0.028 -27"><span class='ocrx_word' id='word_1_371' title='bbox 559 4339 620 4409; x_wconf 87' lang='lat' dir='ltr'>per</span> <span class='ocrx_word' id='word_1_372' title='bbox 637 4344 736 4394; x_wconf 90' lang='lat' dir='ltr'>totam</span> <span class='ocrx_word' id='word_1_373' title='bbox 755 4329 861 4416; x_wconf 83' lang='lat' dir='ltr'>Aquae</span> <span class='ocrx_word' id='word_1_374' title='bbox 886 4329 1014 4401; x_wconf 89' lang='lat' dir='ltr'>malfam</span> <span class='ocrx_word' id='word_1_375' title='bbox 1037 4333 1213 4407; x_wconf 89' lang='lat' dir='ltr'>distributa.</span> 
     </span>
    </p>

    <p class='ocr_par' dir='ltr' id='par_1_7' title="bbox 561 4421 2080 4700">
     <span class='ocr_line' id='line_1_38' title="bbox 615 4421 2077 4533; baseline 0.021 -45"><span class='ocrx_word' id='word_1_376' title='bbox 615 4440 663 4489; x_wconf 81' lang='lat'>2⁰.</span> <span class='ocrx_word' id='word_1_377' title='bbox 691 4421 754 4491; x_wconf 87' lang='lat' dir='ltr'>Vel</span> <span class='ocrx_word' id='word_1_378' title='bbox 768 4422 997 4512; x_wconf 82' lang='lat' dir='ltr'>suspendentur</span> <span class='ocrx_word' id='word_1_379' title='bbox 1020 4451 1176 4519; x_wconf 89' lang='lat' dir='ltr'>vapores,</span> <span class='ocrx_word' id='word_1_380' title='bbox 1201 4431 1235 4504; x_wconf 70' lang='grc' dir='ltr'>ἃ</span> <span class='ocrx_word' id='word_1_381' title='bbox 1257 4437 1434 4526; x_wconf 87' lang='lat' dir='ltr'>anhelitus,</span> <span class='ocrx_word' id='word_1_382' title='bbox 1466 4441 1619 4533; x_wconf 86' lang='lat' dir='ltr'>quamdiu</span> <span class='ocrx_word' id='word_1_383' title='bbox 1640 4442 1683 4512; x_wconf 91' lang='lat' dir='ltr'>ab</span> <span class='ocrx_word' id='word_1_384' title='bbox 1704 4440 2077 4518; x_wconf 78' lang='lat' dir='ltr'>elesiricitateambiun·</span> 
     </span>
     <span class='ocr_line' id='line_1_39' title="bbox 563 4519 2080 4635; baseline 0.026 -57"><span class='ocrx_word' id='word_1_385' title='bbox 563 4527 636 4619; x_wconf 75' lang='lat' dir='ltr'>tur,</span> <span class='ocrx_word' id='word_1_386' title='bbox 663 4519 727 4603; x_wconf 75' lang='lat' dir='ltr'>qus</span> <span class='ocrx_word' id='word_1_387' title='bbox 744 4519 774 4587; x_wconf 86' lang='lat' dir='ltr'>se</span> <span class='ocrx_word' id='word_1_388' title='bbox 790 4523 857 4608; x_wconf 92' lang='lat' dir='ltr'>pari</span> <span class='ocrx_word' id='word_1_389' title='bbox 879 4523 933 4606; x_wconf 85' lang='lat' dir='ltr'>ui,</span> <span class='ocrx_word' id='word_1_390' title='bbox 952 4521 986 4593; x_wconf 75' lang='lat' dir='ltr'>a</span> <span class='ocrx_word' id='word_1_391' title='bbox 1003 4527 1170 4600; x_wconf 90' lang='lat' dir='ltr'>intervallo</span> <span class='ocrx_word' id='word_1_392' title='bbox 1185 4532 1343 4621; x_wconf 88' lang='lat' dir='ltr'>repellere</span> <span class='ocrx_word' id='word_1_393' title='bbox 1359 4557 1526 4635; x_wconf 87' lang='lat' dir='ltr'>pergunt,</span> <span class='ocrx_word' id='word_1_394' title='bbox 1550 4538 1627 4610; x_wconf 90' lang='lat' dir='ltr'>licet</span> <span class='ocrx_word' id='word_1_395' title='bbox 1641 4539 1729 4610; x_wconf 89' lang='lat' dir='ltr'>enirn</span> <span class='ocrx_word' id='word_1_396' title='bbox 1742 4542 1903 4615; x_wconf 88' lang='lat' dir='ltr'>anhelitus</span> <span class='ocrx_word' id='word_1_397' title='bbox 1924 4548 2080 4618; x_wconf 90' lang='lat' dir='ltr'>orbentur</span> 
     </span>
     <span class='ocr_line' id='line_1_40' title="bbox 561 4622 1348 4700; baseline 0.036 -27"><span class='ocrx_word' id='word_1_398' title='bbox 561 4625 659 4698; x_wconf 84' lang='lat' dir='ltr'>igne,</span> <span class='ocrx_word' id='word_1_399' title='bbox 686 4633 751 4682; x_wconf 92' lang='lat' dir='ltr'>non</span> <span class='ocrx_word' id='word_1_400' title='bbox 775 4635 880 4686; x_wconf 88' lang='lat' dir='ltr'>tamen</span> <span class='ocrx_word' id='word_1_401' title='bbox 898 4622 1053 4694; x_wconf 91' lang='lat' dir='ltr'>orbantur</span> <span class='ocrx_word' id='word_1_402' title='bbox 1077 4625 1294 4700; x_wconf 75' lang='lat' dir='ltr'>eleslricitate.</span> <span class='ocrx_word' id='word_1_403' title='bbox 1345 4643 1348 4648; x_wconf 86' lang='lat'>&#39;</span> 
     </span>
    </p>

    <p class='ocr_par' dir='ltr' id='par_1_8' title="bbox 562 4703 2078 5036">
     <span class='ocr_line' id='line_1_41' title="bbox 573 4703 2078 4834; baseline 0.031 -66"><span class='ocrx_word' id='word_1_404' title='bbox 573 4727 597 4752; x_wconf 88' lang='lat'>··</span> <span class='ocrx_word' id='word_1_405' title='bbox 614 4722 664 4795; x_wconf 73' lang='lat'>3⁹·</span> <span class='ocrx_word' id='word_1_406' title='bbox 690 4703 753 4776; x_wconf 85' lang='lat' dir='ltr'>Vel</span> <span class='ocrx_word' id='word_1_407' title='bbox 777 4709 1008 4800; x_wconf 84' lang='lat' dir='ltr'>suspenduntur</span> <span class='ocrx_word' id='word_1_408' title='bbox 1024 4724 1057 4792; x_wconf 92' lang='lat' dir='ltr'>in</span> <span class='ocrx_word' id='word_1_409' title='bbox 1087 4728 1183 4805; x_wconf 68' lang='lat' dir='ltr'>aste,</span> <span class='ocrx_word' id='word_1_410' title='bbox 1208 4731 1483 4816; x_wconf 87' lang='lat' dir='ltr'>quemadmodum</span> <span class='ocrx_word' id='word_1_411' title='bbox 1511 4737 1686 4810; x_wconf 92' lang='lat' dir='ltr'>solutorum</span> <span class='ocrx_word' id='word_1_412' title='bbox 1710 4739 1742 4807; x_wconf 93' lang='lat' dir='ltr'>in</span> <span class='ocrx_word' id='word_1_413' title='bbox 1767 4741 1937 4814; x_wconf 82' lang='lat' dir='ltr'>menstruis</span> <span class='ocrx_word' id='word_1_414' title='bbox 1961 4763 2078 4834; x_wconf 91' lang='lat' dir='ltr'>corpo·</span> 
     </span>
     <span class='ocr_line' id='line_1_42' title="bbox 562 4812 2077 4933; baseline 0.028 -66"><span class='ocrx_word' id='word_1_415' title='bbox 562 4819 632 4870; x_wconf 89' lang='lat' dir='ltr'>turn</span> <span class='ocrx_word' id='word_1_416' title='bbox 657 4824 764 4894; x_wconf 89' lang='lat' dir='ltr'>partes</span> <span class='ocrx_word' id='word_1_417' title='bbox 789 4829 915 4896; x_wconf 80' lang='lat' dir='ltr'>natant3</span> <span class='ocrx_word' id='word_1_418' title='bbox 944 4812 976 4882; x_wconf 80' lang='lat' dir='ltr'>bt</span> <span class='ocrx_word' id='word_1_419' title='bbox 1000 4817 1054 4886; x_wconf 91' lang='lat' dir='ltr'>diu</span> <span class='ocrx_word' id='word_1_420' title='bbox 1080 4820 1224 4912; x_wconf 88' lang='lat' dir='ltr'>suspendi</span> <span class='ocrx_word' id='word_1_421' title='bbox 1247 4849 1410 4924; x_wconf 88' lang='lat' dir='ltr'>pergunt:</span> <span class='ocrx_word' id='word_1_422' title='bbox 1437 4835 1534 4906; x_wconf 87' lang='lat' dir='ltr'>veluti</span> <span class='ocrx_word' id='word_1_423' title='bbox 1548 4835 1706 4906; x_wconf 90' lang='lat' dir='ltr'>solutione</span> <span class='ocrx_word' id='word_1_424' title='bbox 1722 4834 1914 4933; x_wconf 89' lang='lat' dir='ltr'>frigescente</span> <span class='ocrx_word' id='word_1_425' title='bbox 1928 4863 2077 4912; x_wconf 90' lang='lat' dir='ltr'>nonnun-</span> 
     </span>
     <span class='ocr_line' id='line_1_43' title="bbox 563 4905 2073 5036; baseline 0.025 -64"><span class='ocrx_word' id='word_1_426' title='bbox 563 4918 658 4988; x_wconf 82' lang='lat' dir='ltr'>quarn</span> <span class='ocrx_word' id='word_1_427' title='bbox 680 4923 787 4992; x_wconf 83' lang='lat' dir='ltr'>partes</span> <span class='ocrx_word' id='word_1_428' title='bbox 808 4905 984 4983; x_wconf 89' lang='lat' dir='ltr'>solutorum</span> <span class='ocrx_word' id='word_1_429' title='bbox 1009 4934 1186 5010; x_wconf 90' lang='lat' dir='ltr'>corporum</span> <span class='ocrx_word' id='word_1_430' title='bbox 1204 4921 1334 4998; x_wconf 86' lang='lat' dir='ltr'>fidunt:</span> <span class='ocrx_word' id='word_1_431' title='bbox 1366 4932 1410 5002; x_wconf 89' lang='lat' dir='ltr'>ita</span> <span class='ocrx_word' id='word_1_432' title='bbox 1429 4935 1525 5004; x_wconf 92' lang='lat' dir='ltr'>etiam</span> <span class='ocrx_word' id='word_1_433' title='bbox 1550 4936 1624 5006; x_wconf 67' lang='lat' dir='ltr'>aste</span> <span class='ocrx_word' id='word_1_434' title='bbox 1646 4931 1838 5030; x_wconf 85' lang='lat' dir='ltr'>frigescente</span> <span class='ocrx_word' id='word_1_435' title='bbox 1862 4961 2000 5036; x_wconf 87' lang='lat' dir='ltr'>vapores</span> <span class='ocrx_word' id='word_1_436' title='bbox 2021 4943 2073 5010; x_wconf 89' lang='lat' dir='ltr'>ali-</span> 
     </span>
    </p>
   </div>
   <div class='ocr_carea' id='block_1_7' title="bbox 2018 5040 2076 5131">
    <p class='ocr_par' dir='ltr' id='par_1_9' title="bbox 2018 5040 2076 5131">
     <span class='ocr_line' id='line_1_44' title="bbox 2018 5040 2076 5131; baseline -0.017 -23"><span class='ocrx_word' id='word_1_437' title='bbox 2018 5040 2076 5131; x_wconf 92' lang='lat' dir='ltr'>qui</span> 
     </span>
    </p>
   </div>
   <div class='ocr_carea' id='block_1_8' title="bbox 0 0 2504 6756">
    <p class='ocr_par' dir='ltr' id='par_1_10' title="bbox 0 0 2504 6756">
     <span class='ocr_line' id='line_1_45' title="bbox 0 0 2504 6756; baseline 0 0"><span class='ocrx_word' id='word_1_438' title='bbox 0 0 2504 6756; x_wconf 95' lang='lat' dir='ltr'> </span> 
     </span>
    </p>
   </div>
  </div>
 </body>
</html>
