4992 6767
536 723 624 812 rat
858 705 965 797 DE
1020 705 1731 795 rnornrnrrrraus

544 924 784 1009 percurnrntut.
829 899 968 975 Globus
992 921 1032 973 ex
1055 922 1221 974 tormento
1245 901 1367 972 bellico
1393 899 1515 972 summi
1538 904 1569 974 vi
1591 899 1763 992 explosus,
1789 902 1994 994 maximaque
2018 907 2076 980 in··

546 1009 701 1083 citatione
723 1004 832 1086 latus,
865 1004 992 1074 minuto
1014 999 1157 1072 secundo
1180 998 1282 1091 pedes
1305 1000 1388 1071 600.
1416 1002 1603 1091 percurrit,
1635 1000 1848 1089 quamobrem
1873 998 1955 1070 lucis
1978 1001 2072 1077 velo·

546 1109 626 1179 citas
646 1103 688 1175 td
710 1120 781 1173 eam
802 1099 895 1196 globi
916 1101 1114 1171 tormentarii
1130 1100 1279 1190 proxime
1300 1099 1380 1184 erit,
1406 1097 1451 1167 uti
1475 1096 1661 1190 ·t634683.
1686 1096 1727 1165 ad
1758 1120 1787 1166 1.
1822 1096 1870 1165 Sit
1884 1096 1980 1189 hujus
1996 1100 2073 1198 glo·

546 1206 582 1276 bi
607 1199 739 1296 pondus
766 1219 820 1271 ιο.
845 1206 900 1280 lb,
925 1196 988 1267 five
1013 1196 1147 1288 76800.
1168 1216 1375 1290 granorum,
1400 1192 1434 1263 id
1459 1194 1708 1287 multiplicatum
1730 1197 1763 1264 in
1789 1193 1980 1283 quadratum
2006 1200 2073 1274 suae

547 1298 728 1375 velocitatis
748 1297 802 1366 dat
826 1297 941 1378 vires;
973 1292 1072 1363 veluti
1104 1294 1235 1383 pondus
1258 1292 1423 1381 particulae
1454 1289 1537 1378 lucis
1567 1291 1701 1362 dulium
1727 1294 1760 1360 in
1785 1291 1979 1380 quadratum
2005 1297 2069 1371 suae

547 1396 727 1471 velocitatis
749 1391 818 1463 suas
841 1394 923 1462 vires
946 1388 1096 1459 exbibet:
1121 1389 1180 1459 Est
1202 1388 1392 1479 quadratum
1417 1386 1511 1479 hujus
1530 1387 1713 1461 uelocitatis
1737 1388 2067 1486 2672a88510489.

546 1544 697 1634 adeoque
721 1541 743 1610 fi
761 1541 802 1609 in
825 1535 981 1628 particula
1003 1535 1085 1607 lucis
1107 1532 1193 1608 foret
1205 1535 1247 1608 id
1270 1535 1449 1627 ponderis,
1465 1534 1569 1627 :quod
1585 1532 1662 1606 eliet
1682 1537 1774 1629 grani
1787 1551 1869 1625 ‚pars
1886 1506 2067 1663 {milii

541 1690 713 1784 proxime,
738 1684 872 1756 baberet
892 1682 1023 1755 easdem
1039 1684 1155 1770 vires,
1179 1705 1219 1755 ac
1234 1682 1364 1779 ‚globus
1377 1685 1613 1754 tormentarius
1628 1681 1670 1752 nb
1695 1705 1755 1755 ro.
1772 1681 1885 1752 modo
1908 1705 2069 1760 memora·

539 1808 610 1860 tus.
661 1783 728 1856 Hic
750 1802 857 1853 autem
879 1783 912 1851 in
935 1801 1104 1872 corpora,
1135 1783 1255 1871 quibus
1277 1782 1445 1865 occurn't,
1468 1778 1685 1853 xuehementer
1709 1800 1900 1870 operatur,
1927 1785 2065 1874 omniai,

542 1884 622 1956 licet
652 1881 787 1973 lapideae
821 1879 977 1961 duritiei,
1009 1876 1231 1963 destruendo;
1265 1879 1417 1970 adeoque
1446 1878 1468 1947 fi
1498 1876 1653 1970 particula
1688 1877 1770 1948 lucis
1787 1896 1969 1949 memorata
1993 1903 2067 1971 pars

543 1983 635 2080 grani
656 1977 768 2062 foret,
795 1973 908 2045 srmiles
936 1970 1070 2044 effeetus
1092 1974 1275 2064 prestaret:
1309 1975 1398 2047 Cum
1423 1993 1532 2045 autern
1558 1971 1614 2045 lux
1639 1974 1724 2045 Solis
1749 1976 1922 2044 tenerrima
1945 1974 2064 2051 florum

537 2068 649 2174 §petala
674 2074 859 2145 illuminans
893 2070 974 2141 nibil
1005 2071 1169 2158 destruat,
1202 2070 1256 2143 sed
1288 2072 1400 2145 leviter
1434 2071 1536 2146 modo
1561 2071 1682 2142 succos
1714 2072 1746 2140 in
1779 2071 1818 2139 iis
1848 2091 2064 2162 promoveat,

542 2174 711 2266 oportebit
734 2190 771 2241 ut
793 2167 949 2239 subtilitas
966 2166 1200 2258 ¹particularum
1215 2168 1293 2261 :ejus
1315 2172 1430 2265 ingens
1455 2168 1508 2253 lit,
1535 2165 1570 2239 dt
1595 2169 1719 2240 infinite
1743 2165 1811 2236 fere
1836 2169 1944 2240 minor
1969 2193 2066 2262 quam

540 2292 616 2362 pars
645 2270 736 2365 grani
767 2263 927 2359 allignata.
989 2262 1134 2333 Forlitan
1165 2264 1242 2335 ideo
1270 2266 1376 2336 radius
1409 2268 1577 2358 integere
1602 2266 1680 2336 Sole
1710 2263 1753 2333 ad
1778 2261 1915 2335 Terram
1940 2289 2065 2359 usque,

540 2366 599 2437 suo
620 2363 770 2456 pondere
791 2359 940 2431 nondum
964 2380 1067 2456 grano
1092 2360 1226 2451 aqualis
1247 2364 1318 2432 erit.
1370 2358 1597 2456 Quamobrem
1630 2360 1705 2431 Lux
1729 2381 1749 2430 e
1773 2360 1852 2430 Sole
1876 2362 1985 2435 emilia
2009 2388 2068 2457 per

540 2459 721 2534 universum
746 2458 949 2530 Planetarum
973 2456 1116 2545 Systema
1138 2477 1205 2549 prae
1227 2458 1398 2530 subtilitate
1422 2456 1602 2529 admodum
1618 2480 1719 2545 rara,
1744 2457 1810 2559 luri
1831 2459 1971 2533 aliorum
1993 2484 2067 2535 cor.

538 2579 658 2654 porum
680 2556 858 2627 lucentium
880 2576 948 2625 non
970 2554 1089 2623 oberit.

586 2679 618 2778 ς.
643 2674 922 2752 MDCLXXXl.
948 2673 1093 2770 Cognita
1115 2674 1287 2747 velocitate
1311 2675 1468 2772 luminis,
1483 2700 1560 2771 :qut
1584 2679 1662 2750 ¹dato
1687 2697 1836 2769 tempore
1860 2678 1970 2756 datum
1995 2685 2065 2779 spu.

395 2792 397 2796 ’
538 2780 621 2849 tium
644 2779 821 2870 percurrit,
847 2772 987 2863 sequitur
1007 2794 1161 2870 magnum
1179 2771 1244 2843 elle
1269 2779 1424 2865 temporis
1448 2774 1670 2862 intervallum,
1695 2774 1786 2866 quod
1809 2774 1917 2848 lumen
1933 2783 2082 2873 impen2

537 2874 606 2961 dit,
632 2892 668 2945 ut
683 2894 702 2943 e
717 2872 824 2944 Stellis
841 2869 912 2941 fixis
932 2869 973 2939 ad
990 2869 1130 2940 nostram
1154 2889 1270 2941 terram
1294 2874 1477 2959 perveniat:
1503 2872 1538 2941 Si
1563 2876 1649 2943 enim
1675 2893 1779 2943 annua
1801 2872 1967 2961 paralltrtis
1985 2877 2057 2949 fue·

537 2974 578 3043 tit
604 2994 634 3042 t.
657 2970 718 3043 mi.
744 2971 805 3040 etit
822 2965 959 3036 fixarum
982 2965 1094 3043 Tetrae
1107 2967 1336 3055 proximarum
1361 2965 1506 3037 distantia
1530 2967 1572 3038 ad
1593 2967 1863 3040 semidiametrum
1884 2969 1972 3042 orbis
1988 2994 2061 3046 mu·

529 3071 618 3161 gni,
650 3068 698 3135 uti
719 3066 828 3133 radius
849 3061 890 3130 ad
913 3061 1014 3129 smum
1045 3082 1074 3128 1.
1098 3054 1176 3142 m'¹,
1208 3059 1271 3129 srve
1302 3063 1349 3130 uti
1379 3084 1532 3134 aooooo.
1553 3065 1593 3134 ad
1628 3088 1657 3135 1.
1689 3066 1838 3159 proxime
1859 3088 1869 3135 a
1904 3065 2055 3162 adeoque

527 3153 647 3235 frumen
669 3179 689 3227 a
713 3157 785 3227 fixis
811 3155 853 3224 ad
879 3174 994 3225 terram
1009 3174 1205 3244 procurrens
1219 3156 1387 3246 impendet
1403 3179 1530 3249 tempus
1561 3183 1666 3251 1042.
1691 3164 1835 3234 dierum:
1860 3161 1926 3235 Sed
1950 3165 2058 3239 Stellae

534 3254 782 3342 Telescopicae,
810 3245 845 3319 ἃ
867 3251 993 3339 quaein
1019 3252 1069 3319 via
1093 3249 1193 3320 lanea
1218 3250 1319 3338 sunt,
1351 3254 1492 3341 millies,
1521 3259 1589 3327 imo
1622 3259 1789 3330 bismillies
1814 3259 1889 3351 plus
1912 3260 2054 3351 distant,

532 3354 631 3447 igitur
655 3369 764 3419 earum
788 3346 897 3418 lumen
921 3344 1023 3415 modo
1048 3346 1119 3439 post
1144 3348 1213 3418 dies
1244 3370 1336 3440 1042
1352 3360 1388 3427 >a
1420 3374 1522 3423 1000.
1548 3355 1599 3426 vel
1631 3377 1723 3448 1042
1739 3367 1774 3433 >o
1806 3380 1911 3429 2000.
1936 3360 1977 3430 ad
1994 3381 2056 3433 ter·

525 3468 600 3520 ‘ram
620 3446 789 3538 pervenire
805 3445 940 3536 poterit:
965 3441 1096 3517 forfittn
1111 3465 1247 3539 propter
1263 3445 1395 3520 ssmilem
1406 3452 1572 3523 tationem
1589 3458 1827 3547 nonnunquam
1852 3477 1946 3529 novae
1972 3455 2055 3530 Stel·

526 3543 573 3617 le
598 3545 633 3617 in
661 3539 871 3634 conspedlum
894 3542 1038 3614 veniunt

578 3669 611 3771 ς.
637 3669 931 3747 Mlucbxxxrt.
957 3672 1106 3745 Maxima
1128 3674 1199 3744 haec
1219 3675 1301 3745 lucis
1319 3675 1476 3765 rapidius
1502 3676 1598 3762 facit,
1624 3698 1661 3751 ut
1683 3677 1753 3772 ejus
1774 3700 1886 3752 motus
1911 3681 2055 3755 succelii·

529 3794 590 3845 vus
603 3793 679 3883 ,ope
702 3772 999 3879 experimentorum
1022 3771 1060 3834 in'
1081 3768 1183 3835 Terra
1199 3772 1446 3876 ‘capiendorum
1471 3774 1621 3867 dignosci
1639 3797 1795 3889 nequeat:
1822 3774 1857 3847 dt
1882 3778 1958 3850 ideo
1975 3780 2055 3876 Flo·

525 3887 669 4035 ἷέἒὲἑιὲέ
688 3856 893 4029 li’lirfilagsgpllgr:
914 3858 1170 4048 alpflpaffisumw
1190 3862 1525 3938 intervallorum
1556 3889 1632 3939 cum
1663 3872 1788 3944 ardenti
1820 3873 1955 3944 candela
1989 3875 2054 3948 tol·

575 4082 609 4182 ς.
635 4077 946 4156 MDCLXXXlll.
969 4078 1070 4152 Lucis
1089 4080 1197 4156 radius
1215 4085 1373 4180 integere
1397 4104 1538 4175 corpote
1563 4083 1694 4158 lucente
1718 4086 1866 4173 emilius,
1891 4092 1948 4178 qui
1965 4109 2048 4165 trae-

526 4188 586 4261 mei
611 4180 748 4254 anobis
770 4178 905 4271 potest,
929 4199 971 4249 ex
994 4177 1070 4251 luce
1091 4178 1259 4253 succedite
1281 4202 1370 4254 mota
1394 4180 1436 4253 de
1460 4181 1562 4273 spatio
1587 4186 1620 4255 in
1647 4183 1802 4274 spatium,
1829 4181 1865 4257 ἃ
1889 4186 1981 4257 fimul
2004 4214 2047 4263 ex

525 4284 588 4358 alia
609 4278 683 4350 lnce
702 4296 978 4368 contemporanea
998 4276 1142 4353 constat:
1167 4277 1256 4349 Nam
1275 4279 1359 4351 lucis
1381 4278 1487 4351 radius
1513 4282 1639 4376 integer
1662 4281 1757 4353 instar
1780 4280 1923 4353 fasciculi
1944 4284 1990 4354 est
2006 4308 2049 4361 ex

525 4379 595 4451 aliis
627 4372 759 4447 radiolis
788 4372 988 4464 compofiti,
1020 4395 1160 4466 quotum
1187 4376 1303 4470 finguli
1333 4376 1390 4448 suo
1424 4377 1538 4450 colore
1572 4378 1753 4452 inmutabili
1786 4380 1956 4477 gaudent,
1990 4388 2048 4476 qui

518 4493 641 4548 'omnes
663 4468 830 4563 conjunlli
855 4468 947 4541 fimul
967 4473 1001 4541 in
1022 4471 1113 4544 radio
1133 4473 1402 4568 progrediuntur.

575 4594 607 4692 ς.
632 4589 941 4666 MDchxxlv.
966 4595 1025 4669 Est
1046 4597 1103 4669 lux
1125 4598 1278 4684 materia,
1300 4601 1346 4669 uti
1372 4599 1451 4672 olim
1480 4605 1568 4676 teile
1592 4602 1813 4695 Empedocles
1837 4605 1984 4692 tremit,
2011 4604 2049 4680 dt

521 4707 733 4774 nonmntutn
746 4689 851 4766 forma
866 4693 1015 4789 quadam
1035 4694 1249 4770 accidentaria
1272 4694 1449 4774 seeundum
1474 4700 1686 4778 Aristotelem
1713 4702 1813 4799 (a):
1841 4705 1896 4779 sed
1909 4705 1954 4780 est
1970 4727 2046 4777 cor·

1857 4895 1860 4901 .
1980 4824 2044 4898 pur

594 4982 1270 5073 blandimentum
1389 5010 1392 5018 ·
