4992 6767
558 639 641 749 rto
695 636 779 727 oe
800 634 965 727 sucas
985 633 1281 726 annmsrru
1303 632 1412 724 nm
1429 630 1613 723 ocum
1636 629 1871 723 aunon.
1894 580 2028 724 arc.

556 832 670 905 locum
699 830 840 919 album
871 831 999 907 macula
1025 831 1146 926 pallide
1176 851 1341 926 purpurea
1370 829 1597 924 conspiciare,
1628 826 1719 923 cujus
1743 829 1816 902 idea
1844 830 1966 906 musto.
1981 831 2083 908 citius

556 948 730 1004 evanescit.
1944 971 1947 978 ·
2027 1002 2045 1009 ,,

608 1047 661 1117 4⁰.
687 1026 725 1098 In
746 1028 855 1101 charta
875 1029 949 1101 alba
974 1029 1012 1099 fit
1035 1027 1160 1098 macula
1179 1026 1341 1109 coerulea,
1364 1026 1451 1095 circa
1471 1024 1555 1098 hanc
1575 1022 1750 1114 inspeuam
1774 1027 1948 1117 incipimus
1969 1025 2085 1100 videre

558 1146 717 1198 coronam
740 1125 982 1209 albescentem,
1005 1124 1204 1214 aliquantum
1228 1125 1359 1193 tinslam
1383 1121 1564 1209 rubedine,
1589 1124 1659 1192 acic
1677 1121 1830 1194 conversa
1845 1123 1962 1200 deinde
1977 1126 2010 1204 in
2027 1124 2085 1196 lo·

558 1242 636 1292 cum
663 1221 937 1389 ”bumsspfideoe
966 1222 1131 1315 pergimus
1161 1218 1321 1290 maculam
1348 1217 1405 1295 sub
1428 1217 1542 1291 colore
1567 1215 1686 1309 pallide
1702 1255 1716 1270 ·
1731 1220 1864 1304 rubeo,
1888 1217 1978 1312 cujus
2004 1221 2082 1294 idea

558 1338 628 1388 non
652 1318 708 1388 diu
838 1337 862 1388 t.
1763 1349 1767 1360 ·
1989 1357 1994 1372 ·

611 1420 662 1506 ς’.
687 1340 858 1485 Ῑηρέὴετω
878 1413 952 1485 alba
979 1412 1017 1483 fit
1038 1412 1164 1484 manua
1187 1413 1311 1508 nigra,
1339 1413 1425 1484 circa
1459 1411 1545 1483 lunc
1576 1408 1749 1502 inspectam
1773 1411 1885 1484 videre
1907 1415 2082 1504 incipimus

542 1531 717 1582 coronam
744 1508 852 1581 albam
876 1509 1121 1602 splendentem:
1155 1505 1282 1580 &acie
1310 1509 1431 1580 didesia
1461 1509 1497 1580 in
1517 1507 1612 1579 aliam
1638 1506 1757 1580 charte
1778 1528 1935 1600 partem,
1971 1510 2084 1584 videre

545 1606 907 1701 pergimusmasulam
929 1605 986 1677 sub
1005 1602 1110 1677 sotma
1129 1607 1202 1677 alba
1227 1604 1426 1695 splendente.
1549 1665 1551 1670 .
2041 1622 2044 1628 ·

608 1702 661 1772 6⁰.
685 1702 735 1774 Sit
756 1704 800 1773 in.
814 1702 923 1774 charta
941 1704 1033 1799 nigra
1056 1705 1181 1775 macula
1202 1702 1297 1789 alba,
1322 1702 1394 1773 haec
1414 1701 1551 1776 decolor
1567 1699 1626 1786 fit,
1649 1695 1773 1773 &acie
1793 1701 1913 1776 diresia
1927 1701 2081 1798 inalium

563 1796 701 1891 locum,
727 1800 854 1871 macula
873 1799 981 1872 adhuc
999 1803 1102 1895 magis
1123 1803 1214 1896 nigra
1235 1799 1444 1890 conspicitur.
1783 1825 1798 1859 .·
2005 1868 2008 1876 ,
2040 1875 2043 1880 ,

611 1892 659 1967 Ηί
680 1895 809 1968 colores
831 1918 899 1967 non
921 1895 1076 1974 videntur,
1092 1898 1171 1988 oriri
1193 1899 1226 1967 in
1248 1899 1401 1970 omnibus
1426 1894 1676 1987 spectatoribus,
1700 1894 1758 1966 nili
1780 1896 2085 1993 oculi-fatigentur,

546 2012 717 2085 ,praeterea
738 1992 867 2064 colores
888 1991 1041 2067 differunt
1063 1992 1082 2062 u
1105 1992 1321 2078 naturalibus,
1344 2013 1423 2062 cnm
1444 1990 1505 2062 snt
1525 1989 1634 2080 pallidi
1660 1986 1695 2060 dc
1719 1989 1945 2082 splendentes,
1981 1990 2019 2064 dt
2039 1993 2084 2066 ad

561 2088 699 2162 diversas
721 2088 903 2174 distantias,
929 2107 1026 2180 prout
1048 2087 1202 2159 distantiae
1226 2089 1428 2180 obieslorum
1451 2084 1590 2156 visorum
1614 2084 1773 2160 differunt.
1812 2149 1815 2156 .
1934 2145 1941 2168 ¹.

613 2205 666 2278 7⁰.
691 2186 725 2256 Sl
750 2185 861 2255 Solem
888 2186 1008 2256 diresie
1027 2187 1132 2254 intuiti
1146 2184 1306 2276 suimus,
1339 2172 1381 2253 aa
1408 2183 1578 2270 minimum
1611 2181 1720 2253 claustr
1750 2182 1824 2254 licet
1846 2183 1971 2266 oculb,
2004 2186 2084 2278 ejus

565 2284 843 2447 wssgfflffliffcum
859 2280 1031 2447 gloribup
1053 2279 1348 2446 pergimusspidere
1370 2300 1438 2353 uno
1459 2277 1601 2351 alterove
1632 2282 1783 2366 minuto,
1812 2301 1889 2359 cum
1911 2283 2013 2353 retina
2037 2283 2081 2354 stt

564 2399 603 2451 ve
627 2398 746 2448 emenn
773 2398 836 2447 rme
924 2397 992 2467 eJus
1030 2397 1090 2445 uce
1114 2397 1223 2450 concu
1246 2396 1277 2446 a

616 2474 668 2547 8⁰.
693 2474 742 2545 Sit
763 2476 798 2545 in
823 2471 932 2544 charta
955 2474 1028 2542 alba
1052 2473 1241 2562 quadratum
1263 2471 1382 2543 coloris
1414 2473 1503 2544 rubri
1532 2472 1655 2557 vividi,
1690 2469 1726 2545 dt
1752 2473 1960 2568 inspiciatur,
1989 2478 2082 2548 circa

564 2570 756 2664 quadratum
775 2573 889 2658 incipit
908 2568 1009 2641 videti
1029 2589 1154 2640 corona
1177 2569 1299 2640 colotis
1319 2569 1449 2654 viridis,
1474 2569 1550 2641 dein
1573 2569 1667 2641 color
1689 2570 1788 2644 medii
1810 2569 1954 2660 quadrari
1974 2592 2087 2644 mura·

564 2689 636 2754 mr,
660 2668 757 2738 latera
783 2667 865 2738 fiunt
887 2664 1010 2739 coloris
1033 2666 1120 2736 rubri
1145 2664 1349 2736 intentioris:
1380 2666 1500 2737 deinde
1527 2666 1671 2757 quadrati
1702 2667 1800 2738 latera
1821 2666 2006 2748 dividumm
2030 2670 2085 2739 bi·

560 2764 695 2849 sariam,
717 2762 938 2855 formaturque
961 2783 1039 2833 cmx
1055 2761 1224 2862 profunde
1245 2760 1432 2847 rubedinis,
1452 2760 1517 2852 jam
1544 2763 1735 2854 quadratum
1755 2781 1889 2854 apparet
1911 2763 2008 2844 instar
2030 2765 2081 2838 set

561 2860 675 2932 nestrae
698 2859 901 2932 cruciformis
929 2880 1007 2932 cum
1032 2879 1172 2950 quatuor
1195 2860 1340 2930 candidis
1363 2858 1566 2944 luminibus,
1598 2859 1710 2951 postea
1730 2858 1889 2951 spestatur
1909 2864 2082 2958 reeongu.

560 2957 631 3028 lum
650 2956 813 3049 profunde
830 2957 999 3036 rubeum,
1023 2974 1118 3044 eque
1142 2954 1262 3034 altum,
1288 2952 1342 3022 sed
1364 2957 1470 3024 minus
1497 2955 1620 3034 latum.
1646 2977 1742 3045 quam
1770 2957 1984 3046 quadratum,
2008 2978 2080 3032 tttn

559 3054 677 3126 oculus
700 3052 747 3121 est
768 3050 896 3140 prorsus
916 3048 1085 3143 fatigatus,
1109 3068 1172 3118 nec
1195 3048 1316 3119 diutius
1341 3048 1496 3139 inspicere
1515 3050 1622 3138 potest
1643 3052 1848 3141 quadratum.

607 3166 661 3238 9⁰·
688 3145 800 3215 Simile
822 3144 903 3234 quid
925 3164 1080 3234 apparet,
1107 3164 1184 3213 cum
1204 3144 1262 3214 diu
1284 3141 1446 3233 spedsutur
1466 3146 1656 3235 quadratum
1676 3148 1812 3220 flavum..

607 3240 685 3310 Lux
705 3241 747 3309 ab
770 3238 902 3329 objedlo
925 3240 1094 3310 inretinae
1116 3240 1360 3310 membraneum
1378 3260 1503 3331 partem
1533 3242 1621 3312 oculi
1648 3243 1789 3334 illapsa,
1818 3249 1993 3345 imaginem
2010 3252 2082 3323 oh.

556 3338 634 3431 jesli
663 3336 788 3431 pingit,
814 3333 884 3405 haec
906 3355 1024 3407 nervos
1045 3334 1165 3406 villosae
1190 3335 1376 3425 posterioris
1401 3340 1500 3429 partis
1521 3339 1632 3410 retinae
1654 3360 1881 3433 commovet,¹
1900 3350 1958 3438 qui
1972 3367 2002 3420 ,t
2018 3348 2078 3430 diu

558 3435 747 3507 continuata
770 3431 844 3504 luce
865 3434 991 3503 moveri
1019 3453 1061 3523 pe
1123 3453 1179 3515 nt,
1202 3452 1312 3504 motus
1337 3434 1466 3505 tandem
1487 3438 1721 3508 communicari
1747 3441 1862 3529 incipit
1876 3463 1953 3516 cum
1977 3442 2080 3528 fibrii-

558 3529 602 3602 lis
622 3530 747 3602 nemeis
773 3528 976 3614 lateralibus,
1001 3526 1037 3600 dr
1058 3552 1076 3599 a
1096 3528 1298 3620 jacentibus,
1318 3533 1375 3620 qui
1395 3550 1470 3601 cum
1491 3552 1559 3602 non
1583 3534 1750 3626 extemplo
1766 3535 1964 3626 suffocatur,
1988 3540 2078 3616 lente

559 3625 692 3699 ulterius
715 3625 897 3718 proserpit,
922 3627 1069 3717 quamvis
1091 3629 1209 3698 minori
1224 3624 1454 3709 vehementia,
1479 3648 1576 3718 quam
1593 3628 1640 3699 est
1655 3632 1689 3702 in
1710 3631 1781 3723 ipso
1804 3633 1882 3707 loco
1905 3640 2077 3735 imaginis<

559 3724 639 3796 ideo
660 3722 684 3792 s
709 3725 819 3818 imago
841 3722 937 3793 suerit
959 3725 1073 3806 rubra,
1100 3724 1400 3819 partesimaginem
1422 3725 1604 3806 ambientes
1623 3730 1729 3799 minus
1753 3732 1858 3803 nitide
1877 3731 2004 3808 ausae
2029 3735 2076 3810 εἰς

558 3818 701 3900 sicient,
732 3837 768 3887 ut
791 3818 867 3908 ipse
890 3836 1099 3909 compareant
1122 3817 1238 3890 virides
1262 3840 1317 3891 aut
1338 3820 1498 3892 coeruleae.
1545 3821 1580 3892 Si
1603 3825 1712 3916 imago
1734 3824 1829 3898 suerit
1856 3828 1974 3919 flava,
2007 3817 2077 3924 ῃὲ

561 3915 689 3984 bientes
708 3912 837 3984 colores
860 3916 966 3986 minus
985 3913 1071 3986 clare
1098 3916 1271 4007 apparituri
1291 3915 1486 3988 videbuntur
1504 3915 1562 3990 sub
1584 3914 1755 3990 affeslione
1774 3923 1939 3997 radiorum
1954 3909 2076 4021 pallide¹

562 4008 783 4082 eoeruleorum
802 4009 937 4083 macule
958 4012 1067 4085 viridis
1088 4013 1199 4108 imago
1215 4014 1376 4085 ambietur
1393 4034 1413 4083 a
1433 4014 1547 4087 colore
1567 4013 1764 4107 aliquantum
1779 4033 1963 4111 purpureo:
1988 4026 2075 4100 adeo

561 4125 601 4178 rtt
623 4104 752 4182 colores
766 4155 778 4193 ,
793 4110 989 4224 ⁸integit-tem
1009 4129 1118 4185 veram
1140 4109 1348 4203 ambientes,
1380 4108 1506 4206 semper
1536 4111 1597 4186 sot
1622 4112 1728 4188 minut
1754 4112 1832 4194 cleri
1857 4118 2082 4217 vinctaque,

560 4224 660 4300 quam
683 4226 767 4281 verae
791 4225 953 4304 magmas..

1888 4959 2090 5086 caius
