4992 6767
717 682 955 773 nuere
1010 681 1609 778 onnunxnmuu
1844 616 1928 811 rut]

396 885 510 960 uerltn
534 883 667 966 lucem,
702 883 752 952 uti
775 880 941 953 clarilime
962 901 1158 975 comparet,
1192 883 1325 978 quando
1350 882 1491 972 locum,
1525 908 1623 980 quem
1648 884 1722 961 Lux
1747 901 1925 986 percurrit,

404 986 493 1072 tenui
511 982 645 1075 puluere
668 975 705 1050 ἀ
728 978 850 1054 volatili
870 983 1088 1073 inquinamus.

458 1122 489 1221 §-
520 1123 766 1198 MDCLXXI.
799 1124 895 1196 Licet
916 1120 991 1193 Lux
1014 1124 1048 1194 in
1073 1124 1194 1219 exiguo
1218 1127 1319 1199 nac'tu
1341 1130 1429 1199 teila
1455 1147 1595 1225 pergat,
1619 1128 1697 1201 inde
1722 1131 1831 1203 tamen'
1855 1154 1924 1206 non

404 1217 500 1307 fluit,
525 1226 635 1298 lucem
659 1222 853 1320 longillimat
875 1224 942 1293 vias
965 1242 1235 1312 percurrentem,
1267 1224 1384 1295 eodem
1409 1226 1512 1296 modo
1533 1230 1618 1298 tedia
1643 1228 1819 1315 incedere,
1846 1234 1924 1323 quia

401 1316 538 1393 denlitas
559 1321 732 1418 longilinni
757 1322 857 1393 medii
882 1321 915 1390 in
941 1322 1034 1390 variis
1058 1320 1202 1409 partibus
1224 1321 1401 1393 admodum
1419 1321 1547 1392 differte
1572 1324 1700 1415 potest:
1737 1323 1790 1397 sed
1815 1328 1837 1397 li
1861 1331 1924 1401 viae

401 1413 462 1486 lint
483 1440 615 1505 vacuae,
639 1440 695 1491 aut
715 1417 932 1515 homogeneae
955 1413 1156 1507 &ejusdem
1182 1417 1368 1501 denfitatis,
1395 1415 1429 1488 dc
1453 1418 1534 1489 nihil
1553 1421 1646 1493 aliud
1669 1422 1849 1511 accellerit,
1874 1424 1924 1496 lu·

402 1533 476 1582 cem
499 1519 584 1588 reela
603 1519 727 1589 moueri
753 1537 824 1587 turo
846 1535 886 1585 ex
909 1515 1106 1605 ptaecedenti
1128 1515 1352 1585 observatione
1376 1515 1487 1611 colligi
1513 1518 1632 1605 potest:
1659 1520 1680 1587 sr
1707 1539 1814 1593 tamen
1829 1522 1924 1607 loca,

403 1613 577 1701 inquibus
600 1611 675 1686 Lux
694 1614 861 1697 versatur,
893 1628 1113 1695 moveantur,
1143 1631 1198 1681 aut
1221 1612 1293 1682 aliae
1315 1610 1475 1687 adfuerint
1502 1634 1676 1705 operantes
1698 1617 1825 1703 causae,
1856 1640 1926 1693 nou

401 1706 478 1777 licet
499 1730 571 1782 tuto
591 1712 752 1796 stabilire,
776 1710 882 1780 lucem
905 1710 940 1778 in
967 1710 1025 1781 viis
1051 1710 1145 1780 redis
1170 1709 1305 1779 moveri.

446 1852 480 1943 §.
505 1852 764 1927 MDCLXXll.
790 1851 974 1924 Radiotum
998 1850 1176 1923 lucentium
1199 1851 1372 1949 longitudo
1396 1852 1442 1922 est
1466 1852 1534 1924 fere
1557 1854 1704 1927 infinita:
1732 1857 1812 1930 Non
1838 1864 1926 1933 enim

399 1951 503 2024 modo
529 1953 606 2024 radii
630 1954 649 2024 d
675 1952 751 2024 Sole
773 1950 814 2021 ad
830 1949 963 2020 Terram
976 1953 1250 2045 exporriguntur‚
1273 1949 1441 2020 intervallo
1457 1971 1524 2021 non
1540 1954 1657 2025 minori
1675 1976 1772 2045 quam
1792 1978 1923 2050 20237.

401 2045 707 2122 semidiametrorum
725 2046 915 2119 tetrestnum
926 2042 983 2131 ‚dc
998 2047 1090 2137 quod
1105 2068 1146 2117 ex
1159 2067 1323 2118 tormento
1339 2047 1460 2118 bellico
1468 2047 1614 2119 cucullus
1630 2051 1821 2141 rapidiffimi
1838 2054 1923 2122 cele·

398 2147 488 2215 ritate
512 2147 631 2242 globus
654 2151 705 2219 vix
723 2166 768 2236 25
784 2165 942 2215 annorum
960 2143 1094 2215 decursu
1112 2146 1237 2213 emetiri
1253 2143 1363 2233 poffit:
1391 2144 1456 2214 Sed
1471 2149 1568 2215 etiam
1591 2147 1702 2216 radlia
1721 2147 1830 2219 Stellis
1848 2150 1921 2219 lixis

398 2244 609 2314 remotillimis
631 2245 673 2314 ad
691 2242 826 2312 Terram
847 2242 1056 2311 adventantes
1080 2260 1185 2308 rorum
1210 2239 1362 2309 decursus
1381 2238 1492 2308 locum
1517 2242 1743 2313 intermedium
1769 2245 1921 2335 implent:

400 2337 567 2411 Stellarum
592 2339 739 2410 distantia
762 2338 868 2407 multo
895 2335 998 2423 major
1021 2355 1119 2420 quam
1140 2334 1225 2401 Solis
1253 2333 1315 2401 eli:
1341 2354 1417 2401 cum
1432 2337 1518 2404 enim
1535 2355 1575 2404 ex
1591 2338 1807 2408 recentillrmis
1824 2340 1924 2411 Brad-

399 2433 462 2522 leyi
494 2435 775 2505 observationibus
801 2431 946 2498 distantia
975 2426 1134 2497 stellarum
1163 2427 1199 2496 fit
1227 2450 1385 2518 400000.
1411 2428 1512 2520 major
1533 2453 1631 2523 quam
1655 2432 1740 2504 Solis
1760 2455 1779 2504 a
1801 2432 1923 2522 Terra,

397 2528 503 2619 pollet
521 2531 587 2599 hoc
602 2526 804 2598 intervallum
815 2547 839 2593 a
854 2525 957 2618 globo
972 2527 1182 2594 tormentatio
1199 2545 1324 2595 rantum
1345 2546 1386 2596 ιο
1404 2547 1476 2595 000
1494 2549 1579 2598 000.
1603 2550 1762 2602 annorum
1787 2552 1918 2624 percur-

401 2627 445 2708 ri,
471 2647 545 2715 quae
569 2622 723 2693 immensa
746 2620 920 2715 longitudo
939 2622 979 2688 ab
1002 2619 1222 2689 imbecillitate
1246 2624 1363 2691 mentis
1387 2626 1460 2712 capi
1485 2627 1609 2715 nequit.

436 2766 490 2933 ας.
527 2760 803 2838 MDCLXXIII.
836 2759 1005 2858 Quoniam
1038 2755 1209 2853 longifflmi
1233 2778 1276 2827 ex
1300 2758 1398 2831 stellis
1423 2761 1493 2834 lixis
1519 2767 1617 2836 emilii
1650 2770 1727 2839 radii
1750 2770 1823 2841 luce
1846 2779 1924 2845 vivi-

400 2864 432 2934 di
457 2863 520 2933 nni
544 2865 686 2945 micant,
711 2863 773 2930 erit
792 2858 956 2926 radiorum
970 2857 1139 2937 vivaciras,
1164 2857 1353 2940 autrobur,
1378 2880 1467 2940 non,
1496 2862 1548 2931 vel
1565 2884 1678 2952 parum
1703 2867 1925 2937 imminutum:

399 2957 492 3050 quod
514 2958 570 3027 nist
597 2958 675 3027 radii
697 2957 843 3046 Spatium
865 2949 992 3023 caeleste
1012 2948 1080 3018 fere
1103 2970 1268 3035 vacuum,
1306 2952 1490 3043 (rarissime
1517 2958 1619 3027 modo
1642 2960 1716 3030 luce
1742 2964 1928 3055 excepti),

398 3057 475 3126 ideo
499 3052 591 3124 nullo
616 3052 717 3123 modo
752 3048 922 3133 resrstens,
954 3046 1103 3115 lucemve
1127 3043 1298 3115 refleeiens
1328 3068 1383 3117 aut
1414 3052 1648 3141 intercipiens,
1681 3056 1928 3144 percurrilient,

399 3154 511 3224 animo
532 3151 664 3241 concipi
687 3148 810 3238 nequit.
859 3143 906 3213 Et
926 3144 1002 3234 quia
1027 3140 1108 3211 lucis
1135 3162 1154 3209 a
1183 3139 1293 3210 Stellis
1321 3141 1393 3214 fixis
1417 3148 1577 3217 venientis
1603 3152 1752 3221 vivacitas
1778 3172 1845 3224 non
1869 3156 1928 3223 de·

398 3251 535 3333 erescit,
560 3244 654 3316 facile
674 3241 904 3338 intelligimus,
929 3261 988 3308 cur
1007 3235 1220 3327 explosorum
1244 3254 1481 3311 tormentorum
1505 3243 1562 3313 lux
1577 3246 1611 3314 in
1628 3245 1776 3319 diliantia
1793 3249 1924 3343 28500.

399 3344 636 3436 hexapedarum
657 3335 823 3437 vigore&
851 3336 992 3408 claritate
1013 3355 1081 3405 non
1110 3333 1308 3427 decreverit,
1335 3336 1524 3409 observante
1551 3337 1729 3437 Callino(
1766 3343 1800 3439 ).

456 3481 487 3579 ς.
518 3475 794 3553 MDCLXXIV.
821 3476 915 3548 ‘Cum
937 3475 1012 3547 Lux
1036 3476 1055 3546 ὲ
1077 3475 1252 3559 Scintilla,
1273 3476 1369 3546 vele
1397 3477 1545 3567 quolibet
1569 3498 1709 3571 corpore
1734 3482 1864 3557 lucente
1888 3491 1922 3564 in
1961 3499 2035 3564 Tru.

400 3582 494 3653 lineis
521 3581 645 3658 redis,
675 3594 839 3662 tamquam
870 3574 891 3641 i
922 3591 1036 3641 centro
1060 3575 1094 3639 in
1118 3593 1252 3641 omnem
1285 3573 1413 3661 lphaerae
1438 3575 1594 3643 ambitum
1621 3579 1721 3657 exit,
1755 3580 1849 3652 radiis
1875 3579 2059 3656 dilffllll'·¹

399 3676 608 3865 ἒῗζὲξὲἑίῃδῐυς
631 3670 755 3739 exibita
788 3665 917 3738 Horum
941 3665 1089 3738 nonnulli
1115 3666 1205 3752 AS,
1240 3665 1329 3753 SE,
1354 3670 1481 3764 magis,
1506 3666 1559 3740 alii
1585 3669 1674 3756 SA,
1699 3671 1791 3763 SB,
1820 3658 1955 3755 mnus1‘
1957 3660 2003 3829 'ga
2006 3663 2045 3834 ξ

1188 3904 1196 3920 ‚
1333 3908 1340 3924 ,
1485 3907 1492 3922 ,
1627 3909 1639 3925 ‚
1936 3846 2061 3917 llllelr¹

461 3906 493 4005 ς.
527 3898 775 3976 MDCLXXV
815 3899 955 3992 Propter
974 3899 1058 3972 hanc
1077 3899 1253 3975 locemrum
1272 3902 1437 3976 radiorum
1460 3902 1692 4003 dvetgennam
1718 3912 1800 3987 lueis
1823 3916 1996 4005 deni-rag.
2020 3943 2049 4002 r.

402 4027 450 4079 tas
473 4008 505 4074 in
527 4000 639 4092 majori
662 3996 830 4069 intervallo
852 4018 871 4067 a
890 4016 1004 4069 centro
1024 3997 1154 4069 lucente
1180 4000 1339 4072 decrescit
1359 4005 1393 4070 in
1423 4003 1549 4071 ratione
1574 4004 1738 4093 duplicata
1763 4014 1923 4087 distantia·

403 4124 473 4176 rum
487 4102 671 4188 reciproca:
696 4094 745 4165 Sit
760 4096 847 4166 enim
861 4098 1019 4185 punilum
1034 4094 1147 4165 lucens
1164 4094 1218 4178 E,
1244 4094 1280 4166 dc
1295 4099 1326 4165 ei
1341 4094 1527 4185 opposrtum
1556 4100 1746 4184 quadratum
1763 4107 1925 4196 CGDF,

404 4219 462 4292 per
485 4196 576 4286 cujus
598 4191 735 4287 angulos
753 4190 841 4260 duell
864 4191 925 4261 lint
947 4211 987 4259 ex
1009 4188 1042 4257 E
1064 4190 1144 4258 radii
1167 4189 1259 4275 EC,
1285 4190 1373 4274 EF,
1398 4186 1497 4275 ΕΙ),
1523 4188 1627 4277 EG,
1652 4201 1711 4289 qui
1735 4203 1926 4289 protrahan-

406 4317 480 4377 tur,
513 4294 615 4382 litque
637 4288 726 4358 aliud
748 4286 939 4377 quadratum
962 4281 1098 4355 HIKL
1125 4286 1313 4375 parallelum
1343 4287 1467 4376 priori,
1501 4287 1542 4357 ad
1566 4286 1657 4380 cujus
1682 4294 1819 4389 angulos
1844 4298 1926 4370 radii

403 4394 613 4484 perveniant:
647 4385 687 4455 ab
718 4383 834 4455 iisdem
865 4382 961 4454 radiis
988 4380 1160 4454 illustratur
1183 4382 1372 4473 quadrarum
1398 4378 1589 4468 CDGF,
1622 4408 1660 4457 ac
1686 4387 1721 4460 H
1729 4389 1839 4462 lKL.
1862 4396 1924 4466 erit

403 4491 498 4582 ip‘tur
518 4485 655 4556 densitas
678 4479 840 4552 radionnn
866 4479 1049 4570 illapsurum
1074 4482 1107 4551 in
1134 4476 1324 4567 CDGF,
1357 4484 1399 4557 ad
1426 4500 1498 4553 eam
1533 4486 1566 4553 in
1602 4480 1767 4574 lllKL,
1801 4493 1849 4561 uti
1875 4490 1921 4564 est

402 4579 1936 4771 utxuaacnuu:seueu1r1xuaacnnu221‘i'1a‚{rixergoeuffiene

1806 4713 1809 4720 '
1872 4720 1927 4772 tas.
1986 4712 2060 4768 ..i'

479 4886 535 4966 (a)
553 4884 722 4958 eminane
736 4884 772 4945 de
787 4884 899 4952 l'Acad.
912 4886 1017 4967 lioprl.
1038 4890 1093 4954 do.
1109 4894 1195 4971 rm.
1278 4968 1324 5041 ss
1348 4992 1383 5045 ss
