4992 6767
806 700 1571 830 Dlor'rnlcm
1857 745 1940 835 795

416 903 512 983 fandi
528 901 759 997 Telescopium
780 925 822 978 ex
839 922 863 999 7
878 904 1021 979 lentibus
1038 912 1263 1000 componitur:
1301 917 1445 1006 quamvis
1464 912 1520 986 lux
1531 914 1641 985 ambas
1657 907 1835 1006 objefdvas
1852 935 1939 992 tran·

415 1006 521 1087 fiens,
536 1026 603 1076 non
612 1003 791 1074 secernatur
813 1004 848 1075 in
868 1003 1021 1090 colores,
1046 1006 1254 1079 nihilominus
1278 1012 1311 1083 in
1338 1011 1468 1084 transitu
1493 1033 1552 1103 per
1581 1013 1684 1082 lentes
1713 1012 1860 1082 oculares
1882 1015 1940 1085 ali·

418 1101 582 1192 qua,licet
591 1121 687 1193 parva
694 1098 856 1171 radiorum
871 1103 904 1172 in
920 1102 1049 1173 colores
1064 1103 1198 1174 secretio
1214 1104 1268 1175 fit:
1285 1112 1340 1197 qui
1355 1108 1483 1180 colores
1501 1109 1679 1200 spedantur
1694 1112 1727 1178 in
1743 1112 1941 1204 marginibus

415 1198 572 1291 lentium,
598 1219 666 1268 non
690 1199 723 1267 in
741 1197 870 1267 medio:
892 1196 1066 1290 aliquando
1091 1198 1125 1267 hi
1147 1199 1217 1272 funt
1240 1204 1370 1276 colores
1393 1205 1490 1291 flavi,
1515 1205 1688 1294 aliquando
1702 1204 1888 1296 l'pctstantut
1901 1210 1937 1278 in

417 1295 486 1364 aliis
520 1295 672 1366 similibus
702 1292 904 1386 Telescopiis
936 1296 1065 1370 colores
1087 1297 1249 1368 coerulei:
1282 1300 1492 1372 nihilominus
1515 1302 1646 1394 objcdla
1670 1323 1729 1393 pcr
1752 1303 1937 1393 hujusmodi

416 1390 609 1483 Telescopia
634 1388 819 1482 speetatrtur
841 1391 1029 1474 clariffime,
1053 1414 1190 1488 magnus
1216 1418 1351 1489 campus
1372 1399 1554 1494 detegitur,
1581 1421 1642 1470 nec
1665 1399 1780 1469 oculus
1799 1398 1939 1470 sentiscit

410 1487 636 1584 fatigationem
660 1489 759 1583 longe
774 1492 965 1560 continuato
979 1491 1114 1582 obtutu,
1140 1490 1194 1561 sed
1210 1515 1286 1564 cum
1302 1499 1486 1567 amaenitate
1504 1495 1638 1586 speetat.
1690 1494 1860 1568 Inventum
1873 1495 1939 1568 hoc

414 1606 549 1659 vocatur
572 1585 836 1661 Achromott'cum
859 1583 1086 1683 Telescopium,
1112 1583 1147 1657 &
1176 1612 1327 1685 magnam
1350 1612 1491 1664 meretur
1512 1593 1653 1665 laudem.

470 1725 502 1823 f.
527 1724 867 1800 MDCCCCLXlll.
892 1724 941 1797 Ut
965 1725 1109 1796 distindle
1131 1727 1270 1797 interdiu
1298 1749 1365 1817 ope
1391 1726 1658 1818 Telescopiorum
1684 1724 1933 1817 Dioprricorum
1970 1754 2032 1809 nr„

412 1845 626 1897 temerentur
646 1824 797 1917 obje&a‚
823 1823 946 1894 clariori
968 1822 1041 1893 luce
1059 1822 1227 1905 illustrata,
1253 1824 1379 1894 neceffe
1393 1825 1458 1916 est,
1484 1845 1519 1894 ut
1531 1825 1644 1893 Lentis
1659 1821 1832 1915 objedlivae
1849 1824 2030 1939 maggllz·

415 1943 458 1992 na
471 1926 581 2012 portio
602 1944 709 2014 opaco
736 1942 874 2013 corpore
890 1922 1084 2013 obtegatur,
1111 1917 1304 1990 &medium
1323 1940 1445 1991 tantum
1462 1940 1589 1990 maneat
1606 1941 1773 2010 apertum,
1798 1924 1866 1993 imo
1882 1924 1938 1992 ubi
1969 1897 1994 1948 ι’
2028 1916 2038 1935 ”

416 2018 602 2092 intrinsecus
618 2024 795 2114 pinguntur
813 2022 845 2088 ia
871 2019 952 2089 tubo
967 2019 1143 2112 imagines,
1168 2038 1334 2108 ponuntur
1347 2019 1461 2089 obices
1477 2020 1593 2107 opaci,
1617 2020 1652 2085 in
1667 2016 1779 2086 medio
1794 2015 1939 2106 perfora-

416 2117 459 2198 ti,
483 2136 596 2186 cavum
620 2119 688 2186 tubi
704 2114 951 2207 quodammodo
974 2114 1198 2209 angustantes,
1222 2117 1279 2203 qui
1302 2115 1410 2184 radios
1433 2118 1528 2185 nimis
1542 2114 1677 2200 oblique
1692 2113 1872 2184 incidentes
1888 2116 1938 2183 in·

418 2215 623 2306 tercipiunt,
652 2216 695 2282 ita
725 2214 835 2306 imago
860 2214 1005 2280 cernitur
1030 2211 1135 2279 multo
1159 2208 1357 2280 distinslior:
1384 2231 1494 2279 verum
1517 2210 1650 2297 quando
1671 2210 1797 2298 objesla
1821 2212 1875 2279 vix
1901 2208 1941 2279 il·

413 2305 610 2395 lustrantur,
643 2307 731 2379 coelo
754 2307 928 2393 nubiloso,
961 2326 1016 2372 aut
1040 2306 1304 2391 vesperascente,
1334 2304 1405 2373 lens
1440 2301 1604 2392 objestiva
1626 2308 1732 2372 minus
1754 2305 1942 2397 obtegenda
2034 2355 2071 2380 .,

412 2405 478 2488 ost,
503 2425 573 2474 tum
595 2423 744 2492 apertura
763 2402 884 2489 poterit
905 2397 968 2466 else
988 2398 1135 2487 septuplo
1151 2402 1219 2468 imo
1236 2399 1379 2490 decuplo
1393 2401 1563 2491 ampliori,
1589 2399 1727 2487 proinde
1744 2400 1852 2468 decies
1867 2399 1941 2487 plus
1989 2425 1994 2432 ·
2069 2429 2072 2435 ·

412 2499 497 2570 lucis
533 2498 718 2568 transmittit
749 2496 791 2564 ab
813 2494 947 2584 objediis
971 2496 1199 2579 reverberatae3
1230 2497 1266 2567 id
1287 2499 1448 2590 originem
1476 2491 1567 2566 dedit
1585 2496 1783 2586 'felescopio
1805 2492 1941 2567 modior-

410 2616 484 2676 no‚
509 2593 600 2682 quod
625 2592 747 2665 Oculus
761 2593 840 2663 Cati
854 2590 1050 2682 appellatur,
1075 2590 1165 2680 cujus
1178 2592 1248 2662 lens
1264 2593 1420 2684 objeiliva
1437 2593 1540 2664 XYZ
1558 2593 1604 2661 cst
1619 2593 1795 2664 admodum
1811 2592 1941 2686 antpla,

417 2687 547 2782 petum
569 2687 692 2781 objecti
713 2691 886 2783 imaginem
902 2685 982 2781 fed
1004 2687 1166 2778 exhibet,
1197 2692 1243 2757 uti
1269 2691 1301 2759 in
1328 2689 1525 2782 Telescopio
1548 2689 1795 2775 astronomico;
1825 2710 1940 2760 verum
1986 2759 1995 2774 ,

410 2789 590 2874 ¹antequam
613 2786 693 2856 radii
723 2786 803 2856 lucis
827 2786 1000 2951 ἱωὲἓηοηι
1025 2786 1188 2877 pingent,
1221 2788 1352 2876 ponitur
1372 2786 1442 2855 lens
1467 2781 1561 2855 MN
1595 2785 1729 2876 ampla,
1761 2807 1938 2870 convexa,

409 2901 477 2970 qua
502 2900 592 2971 parte
613 2882 790 2951 obvertitur
811 2880 866 2970 obj

416 2975 520 3046 lentes
540 2999 653 3069 parum
674 2996 829 3046 convexae
853 2974 906 3044 hic
924 2995 1107 3067 ponuntur,
1134 2995 1171 3045 ut
1188 2979 1358 3066 pauciores
1374 2975 1450 3046 radii
1471 2978 1554 3048 lucis
1571 2975 1842 3066 reverberentur)
1868 2974 1938 3047 lens
2026 3054 2047 3063 ,,

414 3072 485 3143 haec
502 3076 600 3144 rarios
619 3072 799 3143 incidentes
818 3069 983 3164 refringit,
1011 3091 1047 3140 ut
1067 3074 1177 3164 imago
1202 3071 1238 3140 stt
1259 3070 1458 3160 aliquantum
1482 3075 1619 3162 propior
1642 3072 1721 3140 lenti
1735 3071 1911 3163 objelstivae
1924 3046 2046 3160 ,ητνῖἳζ

409 3191 509 3263 quam
524 3169 651 3262 'absque
674 3168 735 3238 hac
759 3165 896 3238 secunda
907 3166 994 3236 lente
1007 3165 1211 3261 contigisset,
1225 3164 1281 3235 fed
1296 3169 1392 3235 etiam
1409 3170 1519 3260 imago
1536 3167 1581 3237 est
1596 3171 1722 3237 minor:
1756 3171 1849 3239 tertia
1863 3170 1935 3241 lens
1946 3172 2000 3235 fic·
2021 3185 2046 3225 ¹·

407 3269 512 3435 gbl,
545 3289 618 3358 quae
640 3263 778 3337 ocularis
801 3262 866 3349 cft,
899 3263 941 3332 ab
964 3265 1105 3358 imagine
1122 3263 1202 3359 fed
1223 3261 1311 3333 abest
1335 3262 1524 3345 intervallo,
1549 3265 1641 3351 quod
1665 3262 1712 3331 cst
1737 3263 1936 3359 longitudini

926 2882 1007 2961 ive,
1034 2881 1156 2971 planaa
1170 2901 1259 2973 parte
1272 2881 1391 2962 alterae
1430 2880 1632 2972 aliquando,
1647 2882 1743 2949 unius
1757 2880 1848 2965 loco,
1863 2880 1937 2951 duae

425 3369 478 3437 oci
500 3363 645 3455 aequale,
670 3362 741 3433 haec
764 3359 835 3431 lens
853 3358 1032 3430 convelrior
1048 3361 1219 3450 minorque
1234 3379 1331 3449 quam
1347 3362 1381 3430 in
1398 3356 1746 3430 Tubo'Allronomico
1762 3360 1869 3431 radios
1885 3361 1936 3436 di·

412 3481 605 3556 vergentes,
630 3460 687 3549 qui
704 3460 722 3528 i
741 3456 889 3548 quolibet
902 3454 1032 3545 punsio
1049 3459 1196 3550 imaginis
1209 3459 1365 3536 veniunt,
1390 3454 1554 3549 reliingit,
1581 3456 1664 3525 utin
1679 3458 1767 3526 exitu
1782 3455 1860 3527 fiant
1877 3480 1936 3550 pa-

367 3623 371 3628 .
405 3557 533 3641 ralleli,
558 3551 593 3625 δι
622 3573 821 3645 convergunt
847 3571 1129 3638 concurrantque,
1155 3554 1209 3639 qui
1229 3570 1269 3619 err
1297 3554 1391 3619 variis
1406 3554 1553 3643 imaginis
1567 3548 1699 3641 parens
1714 3572 1853 3635 exeunt,
1876 3573 1934 3625 ve·

412 3654 472 3726 luti
496 3651 568 3741 post
589 3648 729 3720 Lentem
752 3646 927 3717 Ocularem
950 3645 1039 3718 Tubi
1054 3646 1260 3717 astronomici
1283 3645 1337 3715 litt
1361 3647 1426 3716 boc
1442 3647 1546 3715 modo
1570 3648 1674 3719 multo
1698 3647 1771 3736 plus
1793 3649 1873 3719 lucis
1888 3650 1932 3722 ad

409 3751 546 3823 oculum
567 3748 675 3830 vadit,
700 3766 795 3835 quam
818 3746 850 3813 in
874 3746 953 3813 tubo
971 3745 1092 3839 vulgari
1118 3739 1273 3825 venilfet,
1306 3739 1342 3811 dc
1363 3742 1503 3832 proinde
1522 3742 1676 3836 objedlc,
1710 3746 1837 3834 parcius
1857 3744 1931 3817 illu-

410 3852 504 3920 strata
532 3842 668 3926 nodiu,
698 3840 813 3912 clarius
836 3840 935 3909 videti
958 3840 1104 3929 pollirnt:
1129 3860 1285 3930 apparent
1304 3860 1410 3909 autem
1432 3839 1573 3930 inversa,
1594 3840 1691 3912 veluti
1708 3840 1929 3914 astronomica

407 3948 491 4017 rubo
515 3938 717 4030 spestantur:
742 3936 788 4007 est
804 3934 930 4005 Oculus
953 3935 1027 4005 Cati
1044 3934 1210 4025 hucusque
1225 3934 1357 4029 alicujus
1379 3936 1540 4022 utilitatis,
1565 3961 1753 4011 nontamen
1779 3960 1929 4035 magnoe,

407 4063 470 4113 nec
496 4037 613 4119 refert,
639 4035 701 4106 live
724 4031 778 4102 hic
795 4032 892 4101 tubus
913 4053 953 4101 ex
969 4033 1068 4102 tribus
1087 4034 1195 4101 srveex
1213 4053 1353 4121 quatuor
1370 4034 1510 4102 lentibus
1523 4037 1722 4119 coniliterit,
1747 4036 1879 4127 objesia
1891 4057 1926 4105 e·

406 4142 472 4209 nim
492 4135 636 4227 quamvis
655 4151 771 4225 magna
792 4125 894 4200 nodie
922 4128 1013 4198 illuni
1035 4149 1093 4216 pet
1112 4149 1188 4196 eum
1212 4149 1273 4196 nec
1297 4131 1404 4211 cerni,
1431 4148 1492 4195 nec
1515 4126 1663 4220 distingui
1683 4132 1798 4200 melius
1822 4152 1921 4218 quam

407 4233 476 4306 solo
496 4232 595 4303 oculo
620 4223 769 4319 poliunt,
794 4224 878 4295 forte
888 4223 1094 4312 sequentibus
1109 4222 1309 4311 temporibus
1334 4222 1575 4306 emendabitur,
1602 4245 1699 4313 atque
1718 4229 1800 4293 inter
1820 4224 1922 4295 utilis·

407 4334 481 4404 srma
513 4325 705 4415 Telescopia
722 4344 790 4392 tum
805 4322 1042 4392 numerabitur:
1058 4339 1093 4389 ut
1117 4337 1223 4387 autem
1248 4317 1301 4388 hic
1316 4315 1442 4388 Oculus
1467 4317 1545 4390 Cati
1566 4320 1677 4389 serviat
1695 4320 1833 4389 interdiu
1860 4322 1922 4391 ob·

401 4427 496 4524 jeslis
515 4422 681 4502 videndis,
705 4440 853 4509 apertura
876 4437 952 4486 ante
975 4417 1095 4487 lentem
1118 4411 1313 4507 objestivam
1334 4415 1444 4485 decies
1463 4415 1627 4509 angullior
1647 4417 1699 4499 fit,
1725 4438 1793 4508 quo
1817 4414 1919 4507 paolo

400 4530 456 4599 vix
486 4520 593 4593 differt
621 4542 640 4588 a
668 4516 864 4607 Telescopio
887 4512 1148 4604 Astrouomico,
1182 4511 1239 4583 nifi
1266 4512 1357 4603 quod
1381 4514 1544 4583 extribus
1567 4535 1744 4606 quatuorve
1776 4512 1917 4589 lentibus

393 4621 535 4694 constet,

452 4748 483 4844 q.
510 4745 847 4819 MDCCCCLXIV.
872 4747 1111 4836 construantur
1126 4769 1260 4839 quoque
1274 4746 1362 4817 Tubi
1381 4747 1552 4832 liinoculi,
1576 4748 1759 4820 conflantes
1779 4750 1910 4822 exduo·

398 4852 461 4921 bus
485 4842 706 4935 Telescopiis,
731 4865 790 4932 per
810 4868 882 4935 quae
906 4847 1064 4922 ambobus
1089 4846 1192 4916 oculis
1217 4846 1306 4915 limul
1333 4843 1503 4936 objedium
1524 4846 1681 4916 videmus.
1714 4844 1787 4918 Hos
1812 4850 1908 4917 bino·

397 4946 489 5022 culos
507 4940 645 5034 perfecit
666 4938 834 5013 Cherubin
857 4942 1112 5029 Aurelianensis,
1127 4941 1364 5111 1descripsitque
1388 4946 1449 5015 Aa
1479 4942 1583 5039 1676.
1598 4945 1631 5015 itt
1646 4942 1752 5032 libro,
1775 4945 1832 5035 qui
1847 4959 1906 5108 gp·

1151 5062 1161 5110 r
1186 5060 1250 5110 111
1276 5062 1297 5111 2
1891 5069 1907 5090 ·
