4992 6767
811 701 950 790 on
1108 703 1447 816 noua
1818 641 1926 811 'm

399 900 647 991 Fabrenbeytii:
684 895 827 970 Lutetiae
872 897 1010 970 latitudo
1049 898 1095 969 est
1130 899 1187 990 48.
1221 921 1270 995 gt.
1298 919 1356 992 50.
1390 897 1441 968 ml.
1473 920 1527 968 ro.
1553 894 1611 968 ml.
1636 895 1757 987 Leydae
1783 897 1924 972 latitudo

403 1023 460 1096 52.
483 1023 529 1096 gr.
557 1021 610 1070 10.
634 995 689 1068 ml
715 1018 772 1090 30.
797 1000 856 1069 ml.
905 996 958 1067 Ex
982 999 1099 1088 quibus
1121 996 1289 1068 manifesto
1312 1017 1401 1090 patet
1424 995 1525 1092 frigus
1551 991 1585 1065 ἃ
1611 995 1688 1092 gelu
1712 1016 1922 1088 nequaquam

328 1107 335 1118 “
404 1101 424 1172 i
447 1098 611 1166 latitudine
632 1095 723 1182 loci,
748 1093 801 1165 sed
824 1098 865 1167 ab
891 1093 961 1165 aliis
984 1096 1083 1165 causis
1109 1093 1262 1184 pendere.

443 1228 474 1328 i.
501 1226 662 1300 llllDXll.
688 1224 861 1297 Observavi
887 1226 983 1294 etiam
999 1224 1075 1317 gelu
1095 1224 1155 1294 A⁰.
1178 1243 1281 1316 1745·
1306 1221 1507 1310 Decembri,
1532 1251 1600 1319 quo
1627 1247 1775 1320 tempore
1800 1229 1918 1304 Nebu-

398 1329 428 1400 la
451 1329 583 1398 humida
604 1325 693 1416 supra
718 1323 822 1394 solum
843 1322 996 1412 repebat,
1023 1319 1114 1411 quod
1140 1319 1192 1390 serr
1218 1321 1517 1406 continuisdiebus
1541 1331 1669 1408 evenit,
1694 1327 1716 1396 fi
1742 1324 1842 1423 frigus
1866 1328 1917 1401 so·

397 1427 465 1498 lum
488 1422 641 1518 congelet
664 1423 816 1514 liquam,
844 1441 901 1491 cur
921 1417 1039 1489 nebula
1062 1439 1130 1487 non
1156 1416 1215 1486 fuit
1239 1418 1461 1512 conglaciata,
1486 1420 1539 1493 sed
1566 1425 1695 1495 humida
1720 1426 1843 1495 manfit.

457 1556 488 1653 5.
522 1551 697 1625 moxlu.
733 1547 808 1644 Qui
836 1545 905 1616 sunt
929 1547 1098 1617 Arthritidi
1120 1542 1336 1637 &ejusmodi
1367 1553 1489 1622 morbis
1514 1555 1676 1640 obnoxii,
1705 1580 1746 1628 ex
1776 1560 1921 1634 senfione

399 1674 555 1751 vagorum
578 1652 727 1721 dolorum
751 1642 892 1716 nivosam
914 1667 970 1714 aut
989 1645 1211 1740 grandinosam
1236 1645 1350 1713 instare
1374 1650 1594 1736 tempestatem
1612 1653 1825 1749 praesagium
1850 1681 1921 1730 non

400 1756 478 1844 quia
502 1755 535 1821 in
564 1747 789 1838 Atmosphaera
811 1739 964 1832 ponderis
987 1764 1042 1811 aut
1064 1740 1178 1811 caloris
1202 1742 1253 1811 vel
1279 1740 1408 1836 frigoris
1433 1745 1611 1819 differentia
1627 1753 1750 1835 oritur,
1775 1751 1829 1821 sed
1845 1759 1923 1845 quia

400 1853 469 1921 aliis
487 1847 680 1938 quibusdam
696 1840 857 1935 particulis
871 1840 940 1909 A'dr
956 1839 1130 1929 impletur,
1156 1861 1229 1928 quae
1247 1841 1282 1908 in
1297 1859 1417 1930 corpus
1435 1843 1611 1916 humanum
1639 1848 1700 1918 five
1724 1848 1922 1923 extrinsecus

402 1947 465 2017 live
485 1941 671 2015 intrinsecus
695 1937 816 2011 diverso
838 1954 1013 2028 operantur
1034 1936 1146 2005 modo
1921 1937 1925 1942 '

450 2071 481 2170 ς.
508 2067 682 2142 MDXlV.
718 2064 844 2136 Glaciei
866 2082 974 2133 autem
998 2063 1059 2133 alia
1081 2063 1275 2154 corpuscula
1307 2061 1371 2134 ell'e
1399 2066 1539 2138 admixta
1574 2093 1614 2142 etr
1645 2073 1763 2146 effediu
1787 2075 1923 2149 conclu·

399 2173 459 2243 do:
485 2167 585 2239 refusa
610 2168 696 2235 enim
726 2163 845 2260 glacies
871 2183 986 2251 aquarn
1014 2161 1138 2251 praebet
1168 2164 1312 2253 ineptam
1346 2164 1550 2236 emolliendis
1583 2176 1797 2244 tenerioribus
1821 2177 1924 2256 cibis,

397 2270 530 2363 potuive
552 2261 671 2334 Coffee
703 2259 882 2341 uineae,
908 2258 964 2327 nist
990 2258 1045 2328 diu
1070 2258 1252 2343 ebullierit,
1279 2257 1314 2328 dr
1339 2260 1487 2350 quadam
1513 2285 1618 2352 partes
1642 2269 1849 2341 evolaverint.

446 2395 477 2494 §.
501 2391 662 2466 lllDXV.
690 2393 788 2479 Aqua
815 2388 923 2456 calens
950 2406 1052 2473 usque
1078 2388 1118 2456 ad
1151 2387 1286 2479 gradum
1319 2406 1375 2477 33.
1409 2392 1451 2459 ab
1483 2389 1585 2463 affuso
1610 2395 1734 2485 Spiritu
1759 2397 1846 2471 Nirri
1871 2423 1925 2475 ca·

397 2495 501 2566 lorem
529 2491 676 2578 concipit
699 2507 802 2574 usque
825 2484 866 2551 ad
888 2482 1023 2576 gradum
1050 2505 1114 2569 41:
1148 2504 1257 2552 verum
1283 2484 1398 2578 glaciei
1424 2488 1498 2556 ruia·
1525 2491 1710 2584 calentique
1735 2497 1837 2591 gradu
1865 2521 1924 2593 32.

399 2590 516 2661 alfusus
541 2587 628 2654 idem
654 2583 791 2671 Spiritus
812 2577 899 2647 Nitti
919 2599 1054 2646 enorme
1077 2577 1178 2672 frigus
1201 2579 1341 2651 suscitat.
1402 2582 1474 2652 Cur
1506 2589 1589 2656 adeo
1620 2589 1760 2663 diversus
1790 2594 1925 2670 effestus

401 2685 497 2775 hujus
523 2683 659 2770 Spiritus
681 2681 714 2745 in
742 2679 842 2761 Aqua
866 2669 900 2739 de
918 2670 1034 2738 Glacie
1058 2675 1111 2739 vix
1137 2675 1346 2763 discrepantis
1367 2679 1505 2748 caloris?
1538 2684 1595 2752 nist
1619 2688 1652 2756 in
1678 2690 1783 2782 glacie
1803 2692 1927 2785 aliquid

402 2783 524 2861 luerit,
552 2774 642 2865 quod
667 2772 768 2865 frigus
791 2767 875 2838 adeo
900 2765 1067 2836 intendere
1092 2766 1208 2856 potest.

476 2974 482 2989 .
509 2916 683 2992 lllDXVl.
711 2913 748 2984 In
777 2911 866 2981 A'e're
897 2907 1096 2979 diversrllrma
1121 2931 1230 2980 natare
1252 2931 1413 3000 corpora,
1437 2935 1509 3004 quae
1531 2937 1624 3006 aquae
1648 2918 1789 2990 admixta
1813 2922 1927 2993 admo·

402 3023 480 3137 dum
505 3020 723 3105 discrepantes
748 3006 925 3096 Crystallos
951 3005 1300 3171 ggdarlffemfoffgssz'
1333 3007 1928 3184 cpltliigvrtapiisqgiiabeaedcmldfenctlllfpae

401 3103 1165 3296 ζὲῑιξξίἶιῖεᾳέἰῖἀιᾝῧῗῆέῗιιὲἒἐοηςῗηῖἰιιῑῐεε
1191 3125 1279 3268 illam
1304 3152 1445 3288 ’quadam
1469 3130 1778 3278 nosteeogpefanvtplr
1791 3134 1930 3304 eglabiez

402 3335 474 3406 quae
499 3329 621 3380 tantum
646 3307 724 3372 vitra
750 3302 830 3394 tegit
852 3295 970 3367 nebula
995 3293 1148 3364 uniformi
1172 3294 1334 3390 glaciata:
1362 3295 1423 3365 alia
1450 3301 1546 3368 noae
1570 3302 1779 3375 obducuntur
1807 3329 1928 3398 vapore
2046 3289 2049 3294 ⁵

402 3408 578 3481 stelllformi
600 3406 795 3486 interrupto:
820 3394 880 3463 alia
906 3394 1003 3461 noste
1028 3390 1223 3460 exhibentur
1242 3393 1359 3482 plantae
1381 3415 1457 3460 cum
1482 3395 1625 3468 caulibus
1651 3399 1775 3484 cralsts,
1802 3403 1928 3493 planis,

402 3507 518 3586 tediis,
543 3502 665 3572 curvis:
692 3495 752 3563 alia
776 3494 873 3560 noue
900 3489 1000 3559 flores
1026 3486 1297 3577 campanilormes
1321 3483 1354 3554 &
1381 3490 1609 3578 caryopbyllos
1638 3516 1714 3564 cum
1735 3499 1933 3588 pedunculis

406 3603 579 3679 tenuibus,
604 3595 717 3672 tellis,
741 3589 911 3673 curvisque
936 3584 1020 3652 vidi:
1046 3581 1137 3653 Cum
1162 3582 1249 3651 nulla
1270 3603 1439 3673 appareret
1462 3588 1573 3671 retia,
1606 3613 1705 3679 quare
1734 3594 1856 3664 eaedem
1881 3595 1930 3668 fe·

406 3696 521 3770 nestrae
548 3696 656 3761 vitreae
681 3706 745 3755 tam
768 3680 927 3752 differenti
953 3679 1056 3772 glacie
1078 3679 1207 3768 aparte
1234 3681 1377 3748 interiori
1400 3701 1535 3752 camerae
1559 3685 1816 3780 obtegerentur:
1851 3690 1929 3764 Uri-

406 3816 449 3865 na
474 3796 506 3861 in
530 3786 656 3859 matulis
679 3781 832 3852 exhibere
855 3776 933 3846 solet
952 3773 1029 3843 folia
1053 3773 1232 3864 plantarum
1250 3795 1324 3844 cmn
1346 3779 1439 3846 realis
1465 3781 1570 3850 nervis
1591 3783 1769 3871 parallelis,
1791 3789 1932 3883 angulos

402 3888 544 3980 aequales
568 3876 862 3969 intercipientibus,
889 3871 940 3940 sed
964 3869 1147 3940 inordinato
1173 3891 1340 3959 utcunque
1365 3872 1469 3944 modo
1488 3875 1695 3965 jacentibus:
1721 3878 1755 3952 dt
1779 3884 1815 3955 id
1839 3885 1877 3959 lit
1894 3889 1930 3962 in

401 3987 516 4059 eadem
543 3999 697 4057 camera,
724 3979 757 4042 ln
784 3992 846 4061 qua
866 3967 1009 4037 senellrae
1035 3969 1218 4061 omnigenis
1244 3967 1354 4061 liguris
1379 3971 1567 4062 glacialibus
1591 3976 1810 4051 obducuntur.

452 4085 505 4153 alu
539 4099 606 4148 non
639 4072 708 4144 Nix
738 4064 1010 4138 diversrllimarum
1041 4063 1216 4134 formarum
1249 4068 1343 4136 variis
1380 4065 1465 4156 lapsa
1496 4075 1698 4161 temporibus
1727 4077 1934 4167 hyemalibus

405 4177 490 4252 idem
515 4171 661 4268 probati·

452 4310 482 4399 ς.
509 4298 700 4378 MDXVll.
728 4294 858 4366 Glaciei
882 4290 1029 4363 cralfities
1050 4292 1083 4360 in
1108 4292 1226 4362 eodem
1245 4291 1317 4362 lacu
1342 4314 1410 4365 non
1428 4294 1569 4388 sequitur
1589 4299 1745 4371 rationem
1759 4300 1887 4399 frigoris
1910 4329 1933 4380 a

405 4408 656 4480 Theanometro
688 4396 849 4483 indicati,
883 4393 929 4460 uti
960 4389 1245 4479 experientilltmus
1277 4388 1459 4481 Noppein
1490 4394 1562 4463 lacu
1590 4393 1788 4471 Harlemenfi
1814 4401 1934 4476 crebro

406 4502 581 4576 observavit
607 4493 699 4588 (a).
749 4489 837 4562 Nam
865 4486 1119 4557 Thermometro
1143 4486 1362 4558 Fahrenbeitii
1389 4488 1577 4561 ostendente
1599 4495 1733 4588 gradum
1769 4518 1836 4589 30,
1859 4499 1930 4595 gia.

404 4602 469 4672 ciei
493 4594 641 4668 craffities
664 4609 812 4677 tempore
842 4606 895 4656 12.
920 4584 1072 4654 horarum
1097 4583 1232 4655 sonnata
1265 4582 1326 4655 suit
1352 4609 1388 4674 4,
1399 4605 1432 4676 5.
1454 4587 1629 4676 linearum3
1655 4591 1719 4662 alio
1748 4593 1801 4666 die
1828 4596 1863 4668 6.
1890 4599 1931 4668 li'·

408 4716 569 4775 nearum,
595 4688 693 4762 Caelo
721 4685 860 4780 frigente
885 4683 1039 4780 gradibus
1069 4702 1126 4775 29.
1160 4681 1263 4774 spatio
1302 4700 1355 4774 15.
1387 4683 1539 4756 horarum
1562 4688 1678 4785 glaciei
1700 4691 1847 4767 craffities
1870 4693 1933 4768 fuit

1849 4808 1936 4885 4²5·

474 4978 533 5060 (a)
557 4973 730 5056 miracleae
749 4973 992 5056 Nammkuadlge
1014 4973 1384 5130 verbandelffieah'fien.
1405 4993 1433 5044 r.
1454 4991 1529 5064 part.
1551 4997 1582 5062 a.

1345 5078 1367 5154 3
