4992 6767
769 716 817 804 D
870 711 986 800 1²0
1042 709 1082 799 P¹
1128 709 1167 799 'l
1222 718 1273 803 R·
1317 716 1344 801 ῙΙ
1391 718 1427 806 C
1483 716 1535 805 ΑΖ·
1751 819 1760 841 ,
1838 730 1928 839 789·¹

398 918 509 1093 3ωά
522 916 641 1011 postea
661 912 756 986 variis
774 907 963 984 andum&
986 912 1167 1004 conessum
1193 908 1255 982 suit
1278 912 1444 1001 artificiis,
1463 891 1499 986 ut
1523 914 1649 1009 objetta
1672 916 1775 990 multo
1797 918 1927 993 lumine·

438 1019 576 1098 astrata,
600 1014 737 1085 clariora
760 1029 963 1101 appareant,
990 1008 1083 1080 valde
1117 1007 1338 1104 amplificata,
1372 1008 1589 1104 &quantum
1622 1013 1691 1086 sieri
1725 1017 1831 1106 potest
1856 1019 1920 1087 dis·

400 1117 517 1197 anua,
542 1129 724 1202 eorumque
748 1128 874 1202 magnae
897 1107 1065 1196 portiones
1087 1125 1156 1174 uno
1179 1107 1297 1177 obtutu
1328 1107 1553 1199 speilarenttrr.
1610 1109 1699 1183 Lens
1726 1117 1858 1183 minima
1886 1118 1920 1187 in

398 1212 449 1383 igr
471 1210 660 1381 clompolitis
686 1203 816 1299 objetto
839 1205 974 1290 vicina,
1004 1203 1180 1296 objectiva
1203 1224 1368 1292 vocatur3
1399 1207 1497 1279 altera
1521 1231 1595 1301 quae
1626 1232 1730 1303 prope
1758 1211 1919 1298 oculum,

439 1331 572 1382 crearis.
1006 1325 1009 1332 ·
1042 1337 1044 1342 ·

451 1454 484 1551 Β.
509 1441 794 1527 MDCCCCLI.
825 1440 1026 1540 Magnitudo
1051 1441 1202 1533 objesii,
1230 1462 1304 1531 quae
1334 1463 1401 1513 uno
1429 1445 1547 1515 intuitu
1578 1467 1637 1537 pet
1660 1446 1926 1540 Microscopium-

402 1551 584 1646 spasiatm,
607 1566 741 1618 vocatur
764 1541 972 1634 llsscroscopir‘
993 1562 1152 1634 campus,
1186 1538 1239 1610 hic
1256 1560 1305 1607 -eo
1327 1538 1429 1631 major
1452 1540 1517 1620 est,
1543 1563 1612 1632 quo
1634 1544 1749 1615 oculas
1772 1545 1857 1618 lenti·
1876 1547 1926 1618 est

401 1641 561 1742 propior,
585 1666 627 1717 eo
651 1645 759 1713 minor
776 1639 823 1710 est
843 1657 1003 1744 campus,
1024 1643 1093 1729 quo
1118 1635 1232 1707 oculus
1256 1635 1274 1704 d
1299 1634 1387 1706 lente
1412 1637 1485 1728 plus
1506 1637 1604 1709 abest.

450 1783 485 1874 S,
511 1780 813 1858 MDCCCCLII.
839 1775 920 1874 Quo
945 1780 1042 1870 padio
1064 1778 1143 1850 radii
1167 1775 1266 1847 Lucis
1290 1776 1554 1870 lilictoscopiuna
1577 1803 1618 1851 ex
1640 1782 1765 1853 duabus
1786 1783 2071 1882 lentibusfgffi

400 1882 619 1973 compositum
645 1897 836 1971 permeant,
868 1896 909 1945 ex
931 1875 1091 1947 schemate
1111 1874 1196 1944 clare
1217 1873 1426 1969 intelligetur.
1474 1876 1522 1946 Sit
1550 1877 1619 1947 AB
1645 1878 1834 1969 objesium,
1868 1895 1987 1958 amrrg.
2004 1909 2027 1950 r.

401 2001 434 2051 te
457 1977 577 2049 lentem
602 1977 795 2069 objeetivant
818 1975 944 2064 optimo
969 1968 1004 2042 dt
1028 1969 1202 2042 necessario
1226 1970 1394 2041 intervallo
1424 1973 1591 2061 positum:
1624 1995 1664 2044 err
1694 1975 1837 2046 inferiori
1862 1981 1923 2049 ob·

397 2076 472 2170 jesii
503 2076 626 2165 puneto
651 2074 684 2143 Α
708 2071 834 2162 aliquot
864 2069 1007 2161 replicati
1037 2068 1121 2138 lucis
1150 2067 1228 2136 radii
1253 2088 1420 2156 permeant
1444 2070 1584 2141 medium
1613 2069 1643 2140 E
1677 2071 1790 2142 lentis:
1816 2076 1861 2143 uti
1888 2070 1924 2144 de

369 2246 371 2250 ⁴
401 2194 444 2246 ex
457 2171 609 2263 superiori
632 2172 755 2262 pundo
781 2165 839 2252 Βς.
857 2165 896 2236 hi
912 2165 983 2237 sunt
1010 2162 1153 2246 ΛΕΜ,
1171 2162 1305 2250 ‚BEL‚
1329 2167 1389 2252 qui
1405 2168 1543 2259 pingunt
1558 2169 1731 2261 imaginem
1754 2168 1873 2259 objeeli
1889 2173 1924 2240 in

399 2267 501 2352 Lm,
522 2266 719 2358 pendentem
741 2267 775 2336 in
795 2263 899 2346 aire,
934 2259 1011 2331 &fi
1037 2264 1071 2330 in
1103 2255 1186 2328 Lm
1217 2257 1351 2346 planum
1374 2259 1484 2327 album
1505 2262 1630 2343 suerit,
1654 2266 1688 2331 in
1711 2285 1757 2332 eo
1773 2268 1925 2359 pingetun

398 2365 533 2461 imago,
556 2364 655 2435 veluti
679 2365 714 2431 in
733 2379 861 2428 camera
882 2355 1030 2425 obscura.
1081 2352 1195 2519 imago
1222 2350 1303 2422 Lnl
1329 2354 1468 2442 proinde
1488 2354 1533 2424 esi
1555 2356 1650 2427 instar
1672 2358 1789 2448 objedii
1803 2362 1928 2431 radian-

395 2466 464 2548 tis,
496 2481 517 2528 a
547 2479 617 2549 qun
639 2454 718 2525 redd
742 2471 892 2535 exeunt,
923 2449 1066 2519 adeone
1100 2448 1130 2516 A
1184 2447 1227 2519 M
1259 2470 1372 2543 pergat
1392 2451 1433 2519 ad
1459 2449 1519 2535 H,
1555 2448 1723 2523 &BEL
1746 2455 1786 2525 ad
1813 2453 1867 2525 G:
1892 2460 1928 2529 in

398 2580 469 2648 quo
487 2555 566 2625 loco
590 2550 690 2620 altera
715 2549 805 2630 lens,
830 2539 950 2635 nempe
976 2542 1052 2615 GH
1078 2543 1215 2615 oculatis
1242 2543 1278 2626 dt
1307 2565 1446 2641 magna,
1476 2553 1637 2637 ponitur,
1670 2552 1822 2642 abestque
1855 2552 1925 2624 lens

400 2649 482 2724 GH
507 2652 549 2718 ab
571 2650 636 2718 ima
661 2649 711 2716 'ne
734 2640 836 2728 Lllll,
861 2640 1032 2721 distantis,
1058 2662 1133 2731 quae
1157 2639 1208 2710 est'
1225 2642 1356 2731 aequalis
1385 2641 1464 2713 foco
1492 2646 1653 2718 radiorum
1678 2648 1923 2737 paralleloru‘rnr

398 2741 472 2841 Jam¹
488 2744 569 2815 radii
592 2741 622 2812 L
678 2791 689 2825 ,
714 2736 822 2822 ΜΗ,
849 2731 1043 2808 transeuntes
1066 2735 1185 2808 lentem
1211 2731 1311 2819 GH,
1336 2736 1545 2825 refrauione,
1570 2747 1627 2831 qui
1649 2765 1689 2813 err
1714 2768 1782 2815 uno
1800 2751 1925 2835 punsio

399 2843 523 2933 objedii
547 2842 707 2932 veniunt,
736 2835 819 2908 fiunt
839 2832 981 2926 parelleli
999 2883 1015 2913 ,
1045 2834 1099 2904 sed
1131 2832 1339 2929 adventantes
1368 2854 1409 2902 ex
1441 2840 1570 2923 punem
1596 2835 1625 2906 L
1651 2838 1690 2911 dc
1714 2839 1778 2923 M,
1802 2842 1926 2912 refracti

398 2937 545 3010 formant·
562 2938 597 3005 in
621 2929 778 3005 concursit
803 2933 844 3004 an'
870 2930 956 3004 ulum
984 2925 1131 3013 Gom.
1152 2929 1236 3022 adeo
1260 2951 1295 2999 ut
1318 2930 1437 3000 oculus·
1455 2933 1488 3002 in
1514 2933 1548 3003 O
1572 2935 1679 3006 videat
1704 2934 1866 3025 objeslum
1892 2940 1926 3007 in

369 3113 371 3118 ,
398 3031 471 3107 FK
496 3027 532 3103 δὲ
556 3028 777 3131 amplitudini?¹
800 2952 881 3100 ΝΞ
900 3021 1030 3118 ,vidisset
1052 3045 1161 3106 autem
1184 3023 1348 3118 objesium
1372 3025 1441 3094 AVB
1474 3030 1597 3118 absque
1621 3031 1761 3104 lentibus
1789 3032 1846 3103 sub
1870 3055 1927 3102 an.

400 3131 481 3229 gulo
506 3130 620 3220 optico
644 3124 775 3207 ΑΟΒ,
800 3144 861 3216 ρετ
881 3122 1001 3192 lentem
1027 3115 1105 3224 CD.
1128 3119 1185 3192 sub
1207 3119 1329 3214 angulo
1347 3124 1460 3210 optico
1485 3122 1622 3210 LEM,
1648 3148 1736 3197 nunc
1760 3130 1847 3199 videt
1870 3128 1928 3198 sua

401 3224 524 3324 angulo
545 3227 659 3316 optino
685 3219 759 3294 FO
767 3218 825 3312 K,
849 3218 1000 3309 adeoque
1029 3218 1168 3315 multum
1190 3216 1446 3306 amplificatum,
1472 3219 1525 3288 sed
1550 3221 1719 3292 inversum.
1815 3231 1819 3236 ’

452 3324 710 3414 Componuntur
730 3320 827 3390 etiam
852 3314 1080 3405 Mi'croscopia
1101 3314 1257 3408 extribus
1281 3313 1422 3384 lentibus
1443 3314 1536 3388 simili
1558 3320 1677 3388 modo:
1702 3319 1746 3390 ell
1772 3319 1841 3391 BA
1866 3321 1926 3392 ob·

399 3421 518 3514 Jeiium
543 3417 764 3510 pellucidum,
788 3434 843 3484 aut
869 3409 976 3482 saltem
999 3409 1090 3501 quod
1114 3395 1253 3480 mtiltum
1277 3407 1358 3480 lucis
1380 3414 1582 3498 transmittit,
1608 3416 1681 3504 post
1704 3417 1769 3487 hoc
1793 3402 2080 3520 poniturgbill'r

400 3520 473 3590 lens
494 3516 653 3607 objeiiiva
677 3512 811 3595 KEC,
843 3531 926 3597 quae·
946 3506 1064 3594 potest.
1077 3505 1141 3605 esse¹
1163 3504 1341 3576 disserentis
1370 3511 1607 3592 convexitatis,
1633 3512 1736 3599 iqua
1761 3513 1925 3604 objectum
1962 3484 1993 3536 a,
2008 3482 2036 3526 r.

400 3618 492 3685 vari'o
516 3606 812 3681 abe'st'intervallo:
838 3626 878 3673 err
903 3603 1026 3691 punsto
1056 3601 1208 3690 supremo
1229 3600 1348 3692 objesii
1382 3600 1412 3669 B
1446 3604 1558 3674 radius·
1574 3605 1663 3676 tedia
1689 3609 1796 3677 transit
1823 3631 1927 3697 pune·
1973 3623 1978 3631 ·

402 3730 481 3782 tum-
508 3706 565 3792 E,
599 3702 756 3795 radiatque
781 3722 841 3790 per
865 3702 888 3769 't
910 3699 950 3768 ad
984 3723 1023 3779 r,
1056 3697 1110 3766 alii
1139 3695 1216 3767 radii
1243 3693 1331 3778 ΒΚ,
1358 3697 1431 3768 BC
1464 3719 1662 3771 tratrseuntes
1694 3723 1926 3798 convergunt,

403 3825 551 3876 meantes
575 3804 605 3873 in
632 3801 709 3893 Kr,
737 3798 806 3873 Cr.
831 3722 957 3867 ididem
978 3796 1105 3864 ratione
1130 3815 1170 3864 ex
1195 3791 1320 3884 objedii
1342 3792 1471 3884 pundo
1506 3800 1537 3867 A
1564 3798 1671 3870 radius
1696 3798 1812 3872 AEx.
1835 3800 1928 3875 tedia

402 3903 512 3974 nanst't
534 3900 628 3970 lentis
649 3894 809 3988 pandum
834 3893 886 3977 E,
911 3890 965 3959 alii
990 3891 1068 3978 radii
1091 3887 1189 3972 nc,
1212 3887 1305 3974 AK,
1330 3912 1470 3986 pergunt
1498 3896 1531 3962 in
1565 3893 1652 3977 Cv,
1678 3894 1763 3979 Kz',
1789 3918 1928 3971 conver-

402 4019 544 4095 gentes,
580 4015 750 4085 antequam
778 4011 846 4061 tum
879 3990 1027 4080 priores,
1062 4007 1136 4058 cum
1165 3986 1359 4078 posteriores
1391 3988 1472 4057 radii
1500 4010 1724 4078 concurrant,
1755 3993 1928 4067 sormanrri

402 4097 601 4187 imaginem,
625 4092 768 4183 ¹'pjarrr'tur
792 4086 862 4157 lens
896 4083 1002 4173 arnpla
1027 4104 1174 4155 convexa
1199 4081 1302 4172 GH,
1324 4085 1344 4152 a
1367 4106 1431 4173 qua
1468 4086 1545 4155 radii
1577 4088 1705 4161 refrasii
1727 4109 1926 4163 concurrunt

398 4187 438 4262 ¹in
457 4190 499 4284 f,
524 4193 556 4261 d.
588 4192 760 4283 pingentes
790 4183 963 4277 imaginem
988 4178 1044 4274 fd
1059 4230 1070 4263 ,
1104 4177 1232 4270 objedli
1262 4178 1348 4272 Bri,
1380 4179 1433 4247 sed
1460 4184 1636 4254 inversam:
1664 4188 1756 4258 tertia
1783 4188 1852 4257 iens
1875 4189 1926 4260 kp

398 4289 534 4382 ponitur
555 4290 587 4357 in
613 4282 780 4372 intervallo
801 4277 872 4378 soci·
884 4281 925 4348 ab
940 4279 1085 4378 ¹imagine¹
1096 4275 1152 4372 fd
1158 4324 1171 4359 ,
1195 4273 1287 4365 cujus
1311 4274 1389 4348 radii
1406 4273 1477 4369 fk,
1500 4278 1571 4373 sq,
1594 4282 1635 4351 ab
1659 4286 1805 4380 imaginis
1821 4306 1926 4374 punc.-

406 4403 441 4454 to
460 4384 490 4477 f
508 4384 695 4453 recedentes
719 4377 936 4471 restinguntur
959 4394 977 4442 a
1003 4371 1090 4443 lente
1119 4374 1188 4458 ku,
1224 4390 1260 4441 ut
1283 4375 1400 4464 vadant
1428 4369 1570 4464 paralleli
1599 4380 1639 4450 ad
1661 4382 1792 4452 oculum
1819 4383 1851 4452 in
1877 4383 1924 4456 Ο,

401 4480 504 4553 Simili
534 4480 636 4548 modo
660 4477 738 4547 radii
769 4495 809 4543 ex
831 4468 960 4562 pundio
993 4471 1019 4541 d
1049 4473 1198 4566 imaginis
1233 4468 1432 4565 divergendo
1457 4471 1652 4546 abeuntesl
1681 4479 1767 4548 lente
1798 4481 1849 4549 kn
1873 4501 1927 4549 re»

400 4575 524 4660 stadii,
559 4573 594 4643 dr
618 4574 735 4643 deinde
760 4570 904 4661 paralleli
929 4568 1050 4639 vadunt
1074 4569 1114 4637 ad
1130 4566 1272 4636 oculum
1293 4566 1362 4652 0,
1395 4565 1753 4668 semiantes·²angulum
1774 4580 1924 4667 apricum

398 4673 503 4763 aOp.
553 4669 690 4739 Videtur
712 4668 779 4738 hoc
803 4666 1034 4755 lllictoscopio
1065 4662 1233 4757 objedium
1265 4664 1421 4737 inversum
1452 4663 1488 4736 dt
1511 4668 1647 4739 multum
1672 4671 1923 4763 amplificatum:

402 4770 479 4858 qnia
504 4785 609 4834 autern
633 4766 805 4852 plurimum
837 4763 917 4832 lueis
948 4765 980 4831 in
1011 4763 1139 4833 transtu
1168 4785 1227 4854 per
1261 4782 1323 4842 tres
1354 4763 1458 4836 lentes
1492 4768 1720 4858 intercipitur,
1754 4769 1925 4863 nbj'edtum

402 4866 494 4948 ΒΑ,
520 4860 685 4930 obscurius
707 4854 883 4947 spedtatur:
911 4859 987 4932 huie
1009 4860 1222 4932 incommodo
1243 4861 1372 4934 obviam
1404 4864 1482 4944 itum
1509 4862 1594 4954 suit,
1630 4867 1789 4962 capiendo
1812 4868 1924 4961 sp'ecu.

404 4959 472 5034 lum
499 4976 679 5032 concavum
704 4955 758 5030 SS
783 4954 840 5028 sub
867 4954 1002 5052 objeeio
1027 4955 1119 5048 AB,
1144 4957 1369 5132 gggdbrgdlilos
1392 4958 1503 5053 Solis,
1533 4953 1599 5040 aut'
1617 4963 1727 5045 lucem
1752 4964 1924 5132 diuma}
