4992 6767
611 686 1560 802 percurrero-ocant.
1762 707 1847 810 743·

368 890 452 962 Sunt
480 885 604 958 bomini
633 886 655 958 a
686 884 817 957 Naturd
845 884 914 956 duo
938 886 1055 980 oculi,
1090 891 1122 959 in
1145 888 1253 959 media
1271 887 1355 961 facie
1377 910 1414 962 ut
1434 890 1571 962 cereblo
1598 888 1659 961 srnt
1682 895 1844 982 proximi,

312 979 358 1060 ἃ
384 986 506 1078 obJ'eeta
530 1004 606 1055 ante
628 1004 688 1055 eos
713 982 860 1067 dimste,
884 982 942 1064 rvel
966 984 1127 1076 oblique,
1160 984 1278 1056 sursum
1293 1007 1360 1057 -aut
1385 986 1534 1059 deorsum
1557 987 1646 1058 nosci
1676 988 1844 1079 viderique

320 1082 446 1174 polbnt.
496 1081 654 1177 Qrilibet
677 1078 841 1172 profunde
866 1083 898 1150 in
927 1082 1032 1152 orbita
1054 1082 1139 1174 jacet
1164 1082 1275 1168 ossea,
1310 1086 1343 1154 in
1368 1107 1433 1176 qua
1457 1104 1544 1155 tutus
1563 1084 1612 1157 est
1633 1089 1675 1155 ab
1699 1082 1843 1177 injuriis,

320 1202 561 1273 a-quocunque
584 1179 703 1267 latere,
727 1178 779 1250 vel
801 1178 952 1269 pollice,
979 1176 1176 1250 inferendis:
1218 1182 1423 1272 ambiturque
1449 1182 1549 1252 multa
1569 1180 1749 1252 molliffima
1771 1185 1845 1272 pin·

317 1277 483 1372 garedine,
508 1275 709 1350 utbreillima
726 1276 928 1366 proclivitate
953 1279 1097 1359 moveri,
1121 1274 1245 1360 foveri,
1267 1282 1439 1369 minusque
1456 1277 1530 1351 laedi
1549 1279 1569 1350 i
1586 1278 1678 1350 cauli
1705 1280 1845 1350 anterius

316 1373 439 1468 injeoa
457 1374 508 1447 vel
529 1376 764 1466 comprimente
788 1372 900 1461 pollit:
926 1371 1126 1462 aliquantum
1143 1395 1183 1445 ex
1198 1376 1302 1445 orbita
1323 1380 1507 1465 prominet,
1532 1397 1629 1467 atque
1651 1396 1776 1468 aparte
1790 1397 1846 1446 an·

320 1472 386 1541 tica
408 1470 533 1543 duabus
553 1474 735 1553 retinetur,
761 1466 796 1539 dr
819 1471 860 1539 ab
884 1469 1004 1560 injuriis
1025 1474 1166 1543 externis
1180 1474 1280 1555 ,aur
1302 1473 1376 1543 luce
1398 1470 1613 1569 fulgentiori,
1645 1474 1790 1566 inprimis
1811 1474 1848 1544 in

319 1565 461 1653 somno,
486 1567 669 1639 defenditur
691 1565 867 1670 mobilibus
891 1566 1063 1657 palpebris.

375 1696 407 1795 p.
432 1693 697 1768 MDCCCLll.
724 1693 805 1765 Sunt
828 1692 977 1763 animalia
1006 1692 1110 1764 oculis
1133 1693 1299 1778 destituta,
1326 1695 1372 1764 uti
1398 1692 1552 1780 Ostreae,
1577 1692 1660 1765 inter
1682 1691 1848 1767 Cocbleas

323 1797 486 1879 Sormet,
518 1792 675 1883 blytuli,
706 1789 870 1860 Lumbrici
896 1788 1082 1875 terrestres,
1119 1788 1234 1882 &qui
1264 1794 1297 1860 in
1328 1812 1470 1881 corpore
1491 1791 1621 1860 anirnali
1644 1793 1755 1864 vivunt
1781 1787 1847 1862 &c

323 1889 485 1965 Einocula
508 1887 579 1959 sunt
603 1888 751 1959 animalia
775 1887 969 1981 gradientia,
996 1890 1137 1976 repentia
1166 1891 1200 1957 in
1220 1908 1333 1969 terra,
1361 1882 1396 1957 ur
1418 1907 1516 1969 aves,
1542 1887 1700 1977 multique
1725 1886 1846 1978 pisces:

325 1987 363 2060 ἃ
389 2011 462 2082 quae
483 1988 517 2057 in
541 1986 676 2056 conchis
699 1985 770 2054 sunt
791 1982 961 2068 cochleae,
993 1984 1055 2053 srve
1086 1986 1244 2069 marina,
1278 1983 1342 2053 slve
1376 1981 1576 2068 fluviatiles,
1609 1983 1672 2052 five
1702 2004 1848 2055 terrenae.

324 2088 409 2159 Sunt
432 2106 505 2176 quae
531 2081 677 2173 plurimis
704 2080 898 2151 instruuntur
928 2081 1060 2163 oculis,
1094 2083 1189 2151 variae
1218 2081 1450 2175 magnitudinis
1479 2076 1514 2149 dc
1542 2083 1576 2151 in
1606 2079 1735 2151 diverfis
1758 2083 1847 2171 capi·

323 2186 365 2254 tis
388 2182 496 2263 locis,
529 2199 584 2263 ut,
609 2178 741 2270 quando
765 2176 949 2249 animalium
979 2198 1077 2266 caput
1097 2178 1143 2246 est
1168 2176 1359 2261 immobile,
1392 2179 1605 2266 propinqua,
1630 2174 1665 2246 δι
1691 2178 1848 2249 remotio·

324 2301 359 2351 ra
387 2277 514 2368 objecta
544 2276 645 2346 videri
674 2273 816 2365 pollrnt:
861 2275 997 2341 Araneis
1027 2272 1135 2341 multis
1174 2275 1252 2339 ocio
1282 2271 1354 2339 sunt
1389 2272 1501 2339 oculi:
1533 2292 1575 2338 ex
1609 2276 1716 2360 capite
1748 2271 1848 2344 Mus·

323 2397 433 2447 carum
458 2370 494 2445 dr
519 2371 731 2461 Papilionum
762 2368 933 2435 lateraliter
960 2366 1029 2434 duo
1059 2366 1150 2458 globi
1180 2368 1288 2460 magni
1325 2367 1487 2451 eminent,
1521 2368 1577 2455 qui
1599 2367 1736 2436 reticulo
1761 2368 1850 2457 quali

323 2472 396 2543 sunt
423 2472 527 2551 redii,
552 2464 653 2554 cujus
676 2463 848 2551 quodlibet
869 2461 1014 2531 foramen
1042 2460 1087 2530 est
1111 2461 1235 2531 oculus.
1284 2458 1591 2535 Leeuwenhoekius
1622 2465 1655 2532 in
1686 2485 1753 2534 uno
1776 2463 1851 2558 glo-

321 2570 370 2638 bo
392 2564 552 2636 Soarabaei
576 2559 682 2649 3181.
707 2557 840 2641 oculos,
866 2560 898 2626 in
923 2557 1025 2650 globo
1051 2557 1177 2627 Mulcae
1204 2560 1322 2644 80003
1349 2557 1505 2655 Pugettus
1528 2562 1560 2629 in
1584 2559 1688 2655 globo
1706 2558 1850 2649 Papilio·

326 2667 378 2732 nis
404 2654 666 2752 17325.oculos
687 2655 883 2725 numeravit:
909 2651 1079 2744 &praeter
1097 2654 1160 2726 hos
1180 2655 1286 2727 adhuc
1310 2655 1391 2728 alios
1415 2660 1557 2728 minores
1582 2661 1616 2729 in
1641 2656 1770 2731 diverfis
1795 2678 1851 2748 ca·¹

347 2760 405 2827 'itis
423 2755 522 2825 locis.

326 2778 350 2849 p
375 2850 514 2922 Homini
538 2850 715 2919 suntoculi
736 2852 770 2917 in
794 2846 899 2929 facie,
927 2845 979 2916 sed
1001 2847 1133 2917 Araneo
1151 2845 1340 2945 longipedi,
1367 2848 1578 2944 (Fauchcur,
1605 2846 1848 2943 Hooywagen)

329 2949 447 3038 suntin
461 2944 574 3015 dorso:
600 2942 736 3014 Homini
755 2942 827 3012 duae
848 2941 917 3011 sunt
939 2943 1125 3032 palpebre,
1142 2966 1278 3034 quarum
1297 2945 1443 3036 suprema
1459 2945 1614 3016 mobilior
1630 2944 1674 3014 eli
1688 2943 1851 3030 inferiori3

326 3048 362 3114 in
388 3040 599 3123 animalrbus,
626 3061 699 3130 quae
717 3060 830 3130 prona
855 3038 1028 3124 incedunt,
1054 3034 1088 3107 δι
1114 3040 1146 3107 ln
1172 3041 1283 3111 avibus
1305 3040 1352 3111 eli
1379 3041 1487 3111 infima
1503 3040 1657 3111 mobilior
1674 3040 1852 3130 superiori;

329 3141 364 3211 in
390 3135 694 3211 summio-camelo
719 3155 826 3206 tamen
848 3131 1001 3225 palpebra
1021 3133 1168 3225 'superior
1187 3135 1331 3206 inferiori
1354 3138 1465 3227 potius
1481 3135 1526 3205 est
1545 3135 1708 3205 mobilior.

380 3236 463 3307 Sunt
495 3234 673 3319 animalia,
693 3233 812 3323 quibus
843 3231 931 3301 oculi
964 3230 1035 3302 sont
1060 3227 1214 3315 emiffitii3
1232 3231 1426 3321 'hujusmodi
1448 3229 1601 3301 Limaces
1617 3230 1790 3302 bortenles
1813 3227 1850 3304 dt

327 3332 471 3405 cochleae
501 3331 649 3423 quaedam
671 3328 791 3399 habent
812 3330 844 3397 in
869 3330 1019 3397 extremis
1042 3349 1228 3412 comeum,
1254 3348 1290 3399 ut
1316 3324 1351 3399 dt
1375 3326 1502 3411 Adaei,
1529 3326 1598 3397 aliae
1624 3325 1769 3399 cochleae
1791 3328 1849 3400 ha·

325 3433 406 3506 beot
427 3428 541 3498 oculos
561 3430 594 3497 in
618 3426 729 3496 medio
750 3445 931 3506 cornuum,
956 3425 1045 3519 quod
1068 3425 1109 3493 ab
1132 3424 1287 3506 Adanson
1314 3425 1396 3518 (a)
1422 3422 1770 3513 pulcre-observatum
1795 3425 1848 3496 bae

323 3531 358 3597 in
382 3524 528 3616 praesenti
550 3523 687 3592 laesronis
708 3521 874 3609 periculo,
900 3539 969 3588 tum
993 3518 1138 3588 adversus
1158 3518 1388 3613 fulgentiorem
1410 3520 1546 3605 lucetn,
1579 3519 1694 3590 oculos
1719 3522 1849 3610 penitus

331 3620 529 3692 abscondere
553 3615 587 3687 ἃ
614 3615 823 3686 introrrabete
839 3612 989 3701 poliunt:
1015 3634 1077 3683 nec
1100 3612 1261 3703 palpebris
1283 3635 1392 3709 egent.

370 3710 565 3805 ¹Palpebris',
589 3712 630 3782 ad
655 3709 771 3780 oculos
795 3709 835 3778 ab
861 3711 1000 3778 externis
1021 3709 1158 3798 injuriis,
1185 3707 1219 3779 ἅ
1245 3713 1349 3780 nimio
1366 3712 1447 3782 lucis
1469 3707 1598 3808 fulgore
1615 3709 1778 3796 tuendos,
1801 3716 1851 3786 in·⁴

329 3815 447 3886 strudia
470 3809 540 3880 sunt
560 3809 709 3879 animalia
734 3801 944 3875 terrestria&
966 3804 1134 3888 volatiliaa
1166 3805 1266 3874 rnulta
1298 3807 1546 3898 quadrupedia,
1582 3803 1616 3878 ὅ(
1641 3828 1710 3878 non
1735 3830 1850 3899 paucae

327 3932 403 3982 aves
425 3908 545 3976 habent
561 3926 624 3974 tres
646 3902 832 3995 palpebras,
857 3921 992 3990 quarum
1013 3902 1148 3970 interior
1170 3921 1305 3973 vocatur
1327 3905 1526 3976 Membrana
1546 3907 1748 3991 Niiiitans,
1787 3906 1852 3980 five
1989 3894 1991 3898 ’

329 4003 655 4117 Periophthalmirrm.
688 3996 902 4070 Cbamaeleon
925 4016 1047 4068 tanturn
1071 4019 1166 4068 unam
1188 3997 1288 4069 babet
1318 4001 1531 4092 palpebram,
1557 4025 1630 4095 quae
1654 4003 1789 4076 oculum
1813 4008 1848 4079 in

330 4095 943 4287 rotgc?ugr]ulattinlplitscgsb?‘uti'Cancri,
969 4189 1157 4269 Gammari,
1182 4188 1353 4283 Locustae,
1379 4190 1519 4286 Paguri,
1546 4213 1663 4283 praeter
1686 4192 1850 4267 Cetaceos

333 4293 369 4367 dc
392 4294 590 4379 Phocaenas,
615 4292 778 4385 palpebris
802 4306 929 4361 carent:
955 4287 1033 4357 loco
1057 4285 1282 4376 palpebrarum
1303 4287 1412 4359 multis
1436 4287 1574 4380 piscibus
1598 4288 1643 4360 eli
1661 4292 1744 4359 cutis
1761 4313 1851 4383 quae·

331 4396 428 4476 dam,
452 4415 538 4483 que,
562 4413 622 4463 ceu
643 4391 719 4461 velo
735 4388 827 4479 sopra
854 4384 1010 4478 pupillam
1033 4381 1198 4475 expanso,
1223 4384 1312 4456 oculi
1335 4407 1460 4480 partem
1474 4387 1642 4460 dormituri
1655 4388 1849 4486 obtegunt,

329 4488 368 4563 ἃ
392 4489 472 4561 lucis
495 4491 662 4559 introitum
687 4505 809 4559 arcent.
1091 4490 1099 4503 ‘

381 4586 481 4656 Steno
507 4587 573 4655 boc
603 4584 734 4676 pupillae
763 4580 953 4674 operculum
974 4580 1097 4653 detexit
1121 4580 1156 4653 in
1177 4577 1299 4672 Raya:
1332 4583 1668 4665 Swammerdammius
1690 4590 1725 4663 in
1746 4582 1847 4699 Sepia

410 4774 468 4851 (a)
488 4779 608 4852 voyage
628 4794 664 4836 au
684 4777 814 4856 senegai.
835 4780 923 4843 Tora.
944 4796 973 4845 r.
1098 4731 1101 4735 '
1744 4791 1761 4826 .·
1783 4681 1850 4757 md·

412 4854 642 4935 (monumen
659 4854 767 4935 Adopt.
786 4858 855 4923 Vol.
879 4876 908 4923 1.
926 4874 993 4939 pag.
1015 4872 1063 4942 35·
1104 4956 1242 5015 cccc
1289 4991 1292 4996 Ι
1426 4950 1431 4974 -.
1563 4867 1586 4951 J
1630 4968 1634 4977 Ι
1678 4917 1682 4924 .
