4992 6767
563 660 1223 800 ¹12133ME'1'ENQRI.S
1280 667 1624 794 IGN'Eisj
1746 712 1855 794 1059

333 877 426 967 liapra
449 869 550 942 varias
573 870 731 962 regiones.
750 861 923 947 feruntur,
949 884 1020 956 nec
1038 864 1287 952 accenduntur,
1320 871 1508 961 priusquam
1532 871 1624 943 alteri
1655 880 1855 950 occurrerint

332 972 505 1052 materia,
538 986 679 1056 quacum
700 959 939 1033 effervescentia
963 959 1086 1047 calida,
1104 957 1145 1040 ,dt
1168 964 1334 1058 ignivoma
1356 965 1591 1055 effervescunt,
1615 970 1725 1062 quales
1750 971 1853 1064 pluri·

334 1091 403 1140 mas
428 1065 545 1138 nolitis
571 1059 771 1153 temporibus
794 1081 845 1130 ars
865 1057 997 1130 detexit.
1046 1057 1081 1132 Si
1103 1057 1201 1158 igitur
1223 1085 1290 1154 ope
1314 1067 1398 1136 venti
1429 1065 1641 1160 Aquilonaris
1663 1070 1792 1152 nubes,
1812 1092 1853 1142 ea

335 1164 467 1238 materii
494 1165 632 1234 riurorae
657 1155 829 1262 constans,
853 1177 873 1227 e
896 1155 1156 1246 Septemttione,
1180 1160 1277 1230 natali
1301 1161 1387 1252 quast
1410 1162 1510 1251 solo,
1538 1164 1581 1235 ad
1604 1165 1680 1237 alias
1702 1171 1856 1262 regiones

335 1262 519 1345 deseratur,
543 1278 640 1349 atque
663 1274 811 1325 occurrat
834 1251 1091 1326 exhalationibus
1116 1275 1175 1344 pet
1199 1255 1310 1330 ae'rern
1336 1257 1505 1349 dispersas,
1539 1264 1732 1352 quibuscum
1758 1261 1852 1335 effer·-

334 1381 464 1432 vescere
488 1355 601 1450 posstt‚
626 1354 665 1425 ei
692 1353 738 1424 sui
763 1372 874 1442 parte,
901 1373 966 1443 qua
988 1350 1246 1426 exhalationibus
1267 1359 1434 1442 occurrit,
1467 1358 1691 1445 accendetur,
1715 1361 1781 1432 hoc
1806 1361 1852 1432 cst

336 1461 369 1530 in
392 1456 486 1551 plaga
507 1450 647 1527 australi:
673 1450 886 1543 quamobrem
908 1450 925 1520 l
949 1449 1139 1539 spectatore
1161 1452 1337 1523 auilraliori
1360 1453 1459 1526 videri
1483 1457 1604 1548 poterit
1626 1459 1768 1544 ardere,
1792 1458 1853 1529 hu·

330 1555 451 1647 jusque
480 1552 626 1645 respectu
655 1547 766 1621 lumen
796 1549 830 1618 in
859 1544 957 1642 plaga
978 1545 1274 1637 septemtrionali,
1300 1546 1335 1622 dt
1364 1550 1613 1643 phoenometron
1643 1553 1788 1626 Boreum
1820 1578 1852 1625 e.

335 1674 386 1722 nt.

387 1770 556 1866 Quoniam
582 1768 801 1841 exhalationes
826 1787 895 1838 non
920 1767 1009 1855 prius
1042 1765 1290 1848 accenduntur,
1321 1787 1418 1855 quam
1445 1791 1521 1842 cutn
1553 1772 1753 1864 aliquantum
1783 1795 1858 1864 pet·

335 1870 435 1940 mistae
461 1869 567 1941 secum
591 1866 743 1950 fererant,
769 1862 804 1934 ἃ
829 1865 932 1936 nubes
957 1863 975 1930 a
1000 1882 1090 1953 parto
1115 1863 1240 1949 norea„
1268 1862 1372 1956 longo
1390 1885 1519 1936 extenta
1535 1873 1658 1950 tractu,
1684 1871 1757 1958 plus
1782 1871 1856 1940 teli·

335 1968 404 2050 stit,
430 1988 526 2060 quarn
551 1988 570 2036 a
595 1987 685 2057 parte
709 1961 871 2045 Australi,
895 1964 927 2030 iu
948 1958 1039 2050 cujus
1056 1959 1244 2051 superficie,
1269 1959 1320 2029 vel
1340 1958 1449 2032 saltem
1471 1967 1623 2034 anteriori
1647 1985 1756 2052 parte,
1783 1987 1857 2054 per·

335 2066 440 2134 millio
473 2065 662 2157 contingit,
696 2060 843 2148 explosto
870 2055 1109 2127 effervescentis
1135 2053 1170 2126 bc
1195 2054 1332 2125 incensae
1354 2060 1495 2130 materiae
1518 2058 1635 2130 hecub
1663 2061 1723 2131 hac
1744 2081 1857 2150 parte,

335 2163 483 2249 adeoque
505 2159 779 2248 aSeptemtrione
805 2155 846 2224 ad
868 2153 1044 2232 Austrum,
1068 2155 1227 2239 variisque
1248 2152 1502 2238 directionibus,
1528 2179 1615 2225 nunc
1640 2155 1758 2227 sursum
1783 2181 1858 2248 per·

332 2254 609 2348 pandiculatiter,
640 2273 728 2322 nunc
754 2249 907 2337 parallelo
931 2247 973 2315 ad
998 2246 1128 2329 solum,
1161 2266 1248 2316 nunc
1278 2245 1371 2335 supra
1393 2248 1450 2317 soli
1477 2251 1753 2337 parallelismum:
1779 2255 1856 2325 hinc

331 2357 372 2423 ab
397 2369 588 2441 erumpente
612 2349 743 2415 materia
768 2364 878 2432 portas
904 2342 961 2411 stbi
977 2362 1130 2432 parante,
1154 2341 1344 2425 columnae,
1367 2345 1432 2414 five
1453 2346 1702 2440 urgelitanae,
1730 2371 1857 2420 earutn-

332 2472 397 2542 que
422 2450 497 2518 sttus
522 2447 626 2518 vatius
650 2441 794 2533 respectu
820 2440 1021 2525 horizontis,
1046 2461 1084 2510 ac
1106 2439 1301 2510 directiones
1325 2461 1491 2532 utcunque
1515 2443 1556 2512 ad
1579 2443 1699 2514 Zeuith
1723 2446 1857 2536 Spedia·

333 2549 421 2616 totis.
473 2541 576 2612 Prout
607 2559 741 2633 quoque
773 2537 904 2608 alterius
928 2537 1065 2704 fencris
1097 2534 1317 2636 exhalationes
1346 2559 1424 2607 cum
1455 2536 1739 2613 effervescentibus
1763 2543 1855 2618 srmul

331 2644 595 2733 permiscentur,
625 2636 720 2710 color
743 2637 904 2730 uirgarum
951 2629 1078 2719 ifferet‚
1112 2633 1186 2724 quae
1203 2655 1296 2706 nunc
1319 2635 1426 2706 albam
1450 2631 1590 2708 celerent
1613 2637 1743 2726 lucem,
1767 2662 1856 2714 nunc

332 2737 415 2810 rosei
439 2736 581 2822 coloris,
607 2754 695 2808 nunc
719 2733 827 2824 rubri,
853 2753 940 2802 nunc
965 2729 1177 2802 flavescentia.

382 2848 427 2919 Et
451 2869 493 2919 an
518 2868 585 2920 non
611 2846 715 2917 nubes
744 2842 921 2914 aurorisera
948 2841 1131 2912 horizontis
1161 2838 1308 2932 respectu
1334 2840 1537 2932 aliquamdiu
1563 2845 1742 2917 immobilis
1774 2849 1855 2921 liare

331 2948 474 3039 poterit,
499 2944 522 3014 fi
549 2943 666 3034 aequali
688 2944 759 3012 via
784 2940 892 3010 Borea
914 2959 1080 3029 prematur
1099 2937 1139 3008 ad
1155 2938 1323 3008 australem
1337 2960 1567 3031 quamcunque
1581 2941 1732 3038 plagam,
1756 2966 1856 3037 quam

330 3042 552 3119 exhalationes
575 3041 681 3113 aereae
704 3057 771 3128 ope
796 3035 940 3106 australis
962 3034 1097 3126 alicujus
1120 3038 1207 3105 venti
1229 3033 1398 3124 adipsum
1423 3034 1612 3127 pelluntur?

377 3149 540 3224 Videntur
570 3147 708 3239 plutima
738 3144 959 3236 phoenomena
992 3142 1059 3214 huc
1093 3141 1198 3212 modo
1222 3139 1375 3212 facillime
1398 3139 1491 3233 poue
1513 3143 1668 3235 explicati
1692 3165 1734 3218 ex
1756 3145 1841 3222 fonti

328 3253 409 3335 bus,
435 3250 493 3339 qui
517 3268 537 3316 a
560 3246 692 3318 veritate
715 3241 800 3313 forte
825 3260 891 3311 non
918 3238 1036 3331 procul
1061 3239 1208 3308 aberunt.
1839 3289 1842 3294 .

377 3356 488 3430 lllulta
511 3357 673 3427 Auroram
699 3352 872 3444 spectantia
896 3349 1020 3420 exalia
1047 3346 1216 3437 hypothesi
1244 3348 1385 3438 inclytus
1410 3346 1581 3422 Mairanus
1603 3372 1771 3443 exponere
1797 3375 1857 3429 an·

326 3455 414 3527 nisus
436 3454 518 3533 suit,
544 3452 636 3538 cujus
661 3451 849 3518 sententiam
873 3446 1054 3515 suavillnnis
1076 3444 1271 3513 carminibus
1297 3446 1454 3533 explicuit
1472 3446 1568 3518 Nob.
1582 3446 1749 3525 Nocens.

380 3570 413 3667 ᾗ.
438 3562 626 3638 nummu.
652 3561 723 3654 Qui
747 3577 855 3626 autem
880 3556 921 3625 ad
945 3553 1087 3644 Sulphur
1101 3576 1248 3640 tantum,
1272 3554 1466 3646 diuinum,
1491 3571 1770 3654 tanquam-causas
1786 3575 1857 3647 Au.

330 3686 475 3741 roratum
501 3661 554 3729 hic
578 3655 802 3751 conlitgiunt,
833 3655 886 3723 vix
919 3652 960 3722 ad
994 3651 1211 3723 diuerhllimas
1241 3651 1487 3728 inflammabiles
1516 3662 1695 3746 materias,
1722 3689 1796 3758 quae
1821 3673 1856 3741 in

329 3761 542 3853 atmosphaera
567 3754 662 3841 sunt,
691 3748 860 3822 attendill'e
881 3749 1040 3820 videntur.
1069 3768 1119 3819 aa
1146 3748 1233 3846 Quae
1257 3750 1399 3820 accensae
1422 3754 1485 3823 alia
1506 3756 1729 3845 phoenoruena
1759 3764 1858 3836 suaci-

329 3882 415 3944 tant,
453 3876 550 3947 quam
579 3850 744 3943 Sulphura
776 3845 870 3939 hujus
893 3848 981 3915 eninr
1004 3842 1134 3916 flamma
1160 3869 1179 3916 a
1207 3846 1330 3919 lumine
1353 3848 1491 3920 Aarotae
1510 3851 1639 3942 ppotsus
1657 3853 1775 3928 differt.
1802 3869 1854 3951 3⁸.

327 3959 442 4055 Quare
467 3973 535 4024 tum
557 3968 694 4044 quoque
718 3963 787 4018 nun
811 3963 904 4033 aeque
928 3941 1114 4034 frequentes
1137 3945 1276 4014 Aurorae
1298 3945 1554 4033 meridiorrales,
1587 3969 1626 4019 ac
1652 3950 1856 4043 septemtrio·

328 4056 419 4129 mules
444 4052 658 4145 contingunt,
682 4063 759 4117 curn
784 4039 897 4126 ltalia,
922 4035 958 4110 δι
983 4040 1206 4111 meridionalia
1229 4042 1325 4127 mea,
1351 4062 1389 4111 ut
1406 4040 1605 4117 &ardentes
1627 4069 1757 4121 montes
1779 4052 1854 4143 plu·

328 4158 448 4224 rimum
475 4146 644 4239 Sulphuris
667 4141 839 4233 exspirent.
888 4137 1126 4210 Meridionales
1149 4157 1258 4208 autern
1283 4139 1420 4209 Aurorae
1448 4140 1597 4212 rariffimo
1621 4145 1789 4236 hucusque
1817 4154 1853 4222 in

327 4250 447 4345 Angl'm
473 4245 575 4338 (a),
593 4244 636 4315 in
660 4240 799 4335 Belgio,
827 4233 1024 4318 Germania,
1051 4232 1181 4319 Gallia,
1208 4234 1298 4306 ltalia
1324 4235 1403 4328 (b)
1431 4235 1607 4326 speciata,
1641 4239 1712 4310 sunt
1745 4263 1853 4321 tamen

328 4351 443 4437 aliquae
465 4342 561 4427 visae,
586 4361 660 4431 quae
682 4339 790 4408 minus
814 4330 988 4405 insolentes
1009 4334 1042 4400 in
1058 4328 1253 4424 Lapponia,
1280 4327 1508 4432 &Muscouia
1527 4334 1803 4430 sunt„quonian
1825 4347 1853 4414 i·

328 4448 362 4515 bi
383 4443 514 4514 materia
535 4460 576 4508 ex
597 4436 667 4508 solo
692 4431 890 4525 exspimtur,
915 4425 951 4501 δι
981 4428 1314 4502 ideo-'Observatorea
1340 4432 1374 4501 itr
1397 4429 1480 4504 locis
1506 4425 1852 4528 magis'Septerntrio·

328 4541 458 4617 nalibus
480 4553 616 4612 cernunt
634 4534 778 4609 namtas
798 4530 846 4606 sui
868 4525 1014 4624 tespeliu
1038 4525 1289 4618 meridionales,
1313 4548 1479 4622 quatuos
1506 4529 1781 4628 septemtrionales
1798 4536 1852 4630 ju.

633 4673 639 4684 ·
735 4657 738 4662 ·
767 4701 769 4706 .
1763 4631 1852 4709 dica·

400 4845 459 4926 (a)
477 4841 588 4906 Philus.
609 4809 757 4903 tranare„
775 4783 835 4902 ὦ.
852 4845 921 4912 4⁶1·
943 4834 971 4900 b
991 4837 1049 4901 No.
1063 4852 1135 4915 4⁹4·

422 4924 592 5004 nubilos.
615 4919 954 5028 mammaeam·
1009 5035 1011 5042 Ι
1052 5021 1089 5050 ι.
1135 4933 1307 5086 mm
1414 5021 1418 5028 Ι
1460 5023 1463 5030 Ι
