4992 6767
854 694 997 792 nil
1148 695 1487 812 AQiie.
1840 719 1935 841 ξω
2257 743 2260 750 ·

398 914 463 989 2101
484 906 634 993 mor,
660 918 755 995 sque
778 901 1006 980 inmanem,
1035 890 1127 986 cuitu
1149 891 1294 988 superior
1319 892 1504 986 superficies
1528 898 1576 972 eli
1596 901 1712 996 aspero
1728 904 1769 980 dr
1789 915 1933 1011 inaequ„

399 1013 460 1099 gg,
483 1007 589 1082 fimffi,
610 1003 659 1076 iffi
688 1002 724 1072 in
752 994 928 1088 crystallo,
962 1014 1036 1083 quae
1067 989 1210 1065 incisuris
1241 992 1355 1065 calata
1377 995 1423 1067 est
1455 995 1633 1073 subtilibus.
1682 1005 1717 1077 Si
1738 1027 1850 1087 autern
1874 1017 1934 1091 sae-

399 1113 502 1181 aiente
526 1103 605 1202 gelu
628 1101 736 1173 subito
751 1094 934 1192 conglaciat
954 1111 1038 1182 aqua
1058 1087 1253 1185 frigoribus,
1277 1093 1381 1164 oritur
1404 1095 1545 1185 primum
1570 1099 1604 1170 in
1629 1098 1797 1194 superficie
1819 1111 1937 1187 lomes

397 1205 427 1276 la
450 1205 581 1288 tenuis,
605 1223 626 1272 a
650 1195 772 1292 pariete
802 1192 946 1263 medium
977 1188 1115 1271 versus,
1147 1188 1285 1280 obliquo
1314 1191 1356 1259 ad
1383 1190 1590 1283 superficiem
1608 1197 1687 1285 littr,
1712 1223 1792 1278 mort
1816 1213 1850 1282 in
1875 1233 1930 1286 ro·

398 1302 536 1374 eundum
557 1299 599 1370 ad
622 1299 759 1389 parietes
784 1290 864 1366 valis
888 1290 976 1360 nisiu
1002 1285 1092 1359 oculi
1123 1288 1218 1358 citius
1251 1286 1367 1358 ssmiles
1399 1293 1547 1364 oriuntur
1572 1295 1734 1388 lamellae,
1760 1327 1835 1397 quae
1858 1329 1928 1382 me·

398 1397 489 1471 dium
510 1395 618 1470 versus
641 1408 860 1485 procurrunt,
885 1383 1094 1481 triangulares
1123 1384 1310 1477 cuspidibus
1332 1386 1477 1458 medium
1504 1388 1740 1486 spectantibus,
1764 1405 1929 1479 inordina.

398 1500 591 1592 rejacent,
623 1492 675 1563 ltae
698 1509 788 1561 areas
811 1485 1048 1576 intercipiunt,
1080 1483 1276 1572 quibuscum
1301 1483 1437 1556 crullam
1462 1487 1577 1583 glaciei
1603 1491 1762 1585 formant,
1788 1525 1862 1594 quae
1887 1527 1935 1578 ert

399 1614 483 1685 aqua
514 1591 661 1677 sublata,
695 1584 730 1658 ἃ
762 1608 781 1656 a
813 1602 904 1676 parte
935 1578 1077 1651 menori
1111 1578 1277 1671 inspeiia,
1312 1601 1478 1674 utcunque
1499 1587 1591 1658 bovis
1610 1592 1796 1671 abomaium
1822 1602 1935 1675 refert,

398 1690 454 1762 An
480 1710 588 1762 autem
616 1687 759 1786 glacies,
784 1705 857 1774 quae
885 1677 971 1749 Vere
996 1677 1171 1759 sonuerat,
1197 1674 1306 1747 differt
1330 1681 1371 1748 ab
1395 1681 1620 1757 nutumnali‘l
1653 1690 1687 1760 id
1708 1692 1812 1768 asserit
1836 1700 1934 1771 Wal·

398 1781 518 1875 letius,
543 1789 620 1880 quia
645 1782 781 1857 vemalis
802 1797 969 1868 nunquam
994 1774 1126 1871 fingitur
1150 1794 1193 1843 ert-
1215 1773 1352 1845 lamellis
1375 1777 1663 1868 horizontalibus,
1697 1786 1751 1861 sed
1774 1796 1862 1884 quafi
1887 1819 1936 1870 ex

397 1883 508 1960 fistulis
534 1882 569 1958 δι
595 1883 657 1957 filis
680 1879 902 1959 verticalibus,
928 1873 1004 1943 ideo
1027 1872 1148 1968 glacies
1173 1871 1310 1943 vernalis
1336 1875 1518 1967 appellatur
1531 1881 1681 1979 fistulosts
1710 1887 1732 1983 (
1770 1891 1803 1985 ).

443 2014 480 2114 ς.
502 2008 760 2088 Mccccxc.
793 2005 962 2078 Fibrarum
994 1999 1175 2097 glacialium
1205 1998 1375 2074 decursum
1405 2004 1439 2074 in
1470 2005 1574 2096 planis
1596 2009 1743 2089 fenestris
1772 2022 1882 2094 vitreis
1907 2044 1933 2094 a

397 2134 490 2206 parte
510 2114 654 2185 interiori
678 2128 815 2180 camerae
842 2104 960 2194 hyeme
983 2101 1123 2191 ipettare
1146 2101 1180 2171 in
1202 2097 1321 2197 Belgio
1351 2097 1600 2193 frequentissime
1617 2105 1817 2203 &quolibet
1839 2140 1936 2192 anno

398 2210 493 2283 licet:
517 2210 606 2284 fabris
628 2208 718 2280 hisee
741 2202 956 2276 formantibus
978 2218 1076 2267 omne
1103 2219 1207 2293 genus
1227 2196 1360 2294 ligarat,
1389 2198 1451 2269 stre
1471 2203 1645 2291 arborum,
1669 2230 1851 2301 ramorum,
1876 2215 1929 2289 fo-

397 2305 539 2394 liomm,
563 2307 738 2378 aliarumve
760 2323 888 2382 rerum,
915 2293 952 2368 ἃ
973 2295 1222 2365 decurrentibus
1243 2317 1332 2366 nunc
1359 2298 1445 2366 resia
1466 2297 1606 2386 sursum,
1630 2325 1717 2378 nunc
1743 2311 1801 2382 sub
1826 2335 1936 2409 ango«

397 2402 436 2475 lis
460 2406 584 2478 infinite
603 2401 753 2484 diversis,
777 2398 922 2466 nuncin
943 2391 1142 2476 rotundum
1167 2391 1252 2461 adeo
1277 2411 1313 2462 ot
1326 2393 1422 2464 nullae
1441 2393 1551 2490 figurae
1573 2402 1606 2469 in
1624 2403 1734 2499 vitris,
1760 2406 1838 2480 licet
1851 2431 1930 2500 pro·

398 2505 516 2585 xlmis,
542 2501 680 2571 omnino
701 2497 763 2565 bnt
784 2491 919 2561 similes:
942 2488 1092 2565 videntur
1111 2507 1219 2558 autem
1241 2509 1348 2580 partes
1372 2513 1390 2560 a
1414 2492 1496 2587 gelu
1514 2496 1616 2567 imbui
1646 2501 1676 2568 vi
1702 2504 1841 2592 quadam
1866 2529 1935 2599 po

399 2597 485 2683 lari,
517 2595 603 2666 adeo
635 2614 671 2663 ut
692 2591 764 2661 aliae
789 2588 936 2656 humoris
966 2584 1153 2653 advolantes
1173 2606 1280 2673 partes
1310 2589 1516 2659 numerosius-
1542 2593 1583 2664 ad
1613 2615 1764 2671 extrema·
1778 2602 1842 2673 five
1867 2626 1931 2695 po·

403 2691 486 2774 los,
519 2709 617 2779 quam
640 2688 684 2756 ad
707 2688 806 2755 latera
828 2679 1023 2770 appellant,
1052 2678 1130 2746 ltine
1154 2679 1317 2749 illamenta
1343 2683 1486 2779 oblonga
1510 2688 1651 2776 plurium
1674 2696 1834 2787 pollicum
1858 2724 1935 2773 nas·

401 2807 533 2858 cuntur.

446 2897 477 2996 s.
513 2889 811 2970 MCCCCXCI.
843 2885 935 2959 Cum
964 2903 1052 2954 nunc
1081 2882 1203 2978 glacies
1228 2905 1354 2959 tantum
1378 2887 1426 2959 ad·
1445 2888 1582 2962 duarum
1604 2900 1749 2973 triumve
1775 2904 1939 2983 linearum·

398 2993 566 3069 crassitiem
590 2994 753 3075 increvit,
786 2983 832 3056 est
860 2982 1050 3074 pellucida‚
1083 2982 1316 3076 homogenea:
1348 2986 1549 3073 procedente
1574 3009 1725 3085 tempore
1747 3003 1850 3075 crusta
1875 3006 1939 3080 fiat

398 3093 546 3178 denfior,
571 3112 642 3162 tum
658 3090 714 3159 adr
729 3082 766 3157 ἃ
783 3081 888 3155 fluida
911 3075 1038 3148 elastica
1058 3076 1080 3144 i
1101 3079 1298 3148 cosuotibus
1321 3100 1414 3171 aque
1434 3085 1578 3171 partibus
1592 3092 1729 3181 expulsa.
1743 3098 1910 3186 prodeunt
1918 3155 1939 3192 ‚.

399 3194 563 3265 continuo
579 3201 839 3284 congregantur,
862 3175 897 3248 δι
921 3174 1062 3244 formant
1082 3176 1215 3271 exiguas
1234 3174 1359 3264 bullas,
1386 3197 1445 3266 per
1466 3198 1568 3249 totam
1589 3183 1727 3279 glaciem
1751 3191 1938 3288 dispersas,

399 3291 498 3381 capiti
517 3285 651 3358 aciculae
678 3280 848 3374 aquales,
887 3270 999 3365 quales
1030 3268 1113 3362 saepe
1141 3271 1278 3342 durante
1307 3273 1575 3369 conglaciationis
1601 3280 1738 3358 decursu
1761 3292 1938 3384 perstantg

400 3403 636 3476 nonnunquam
662 3382 777 3452 breves
799 3371 993 3459 subtilesque
1016 3367 1213 3439 tanabculos
1237 3369 1395 3466 fingunt,
1427 3393 1490 3463 pro
1511 3376 1598 3445 varii
1622 3377 1737 3474 glaciei
1760 3385 1935 3463 sonnatio·

400 3505 467 3557 rte:
502 3481 627 3553 deinde
652 3495 811 3573 augentur
835 3470 941 3541 aerea
972 3464 1072 3534 bullae
1096 3467 1299 3536 coiiuntibus·
1318 3467 1464 3557 pluribus
1493 3468 1527 3540 δι
1557 3471 1755 3567 majoribus,
1778 3483 1864 3558 adeo
1889 3509 1935 3562 ut

400 3583 460 3653 diu
477 3578 640 3671 perstante
659 3573 743 3646 saevo
766 3568 843 3666 gelu
868 3562 1031 3634 interdum
1054 3559 1186 3653 sphaerae
1207 3562 1354 3632 diametri
1380 3564 1527 3650 dimidii,
1559 3571 1628 3640 imo
1654 3569 1689 3643 dt
1713 3579 1830 3675 integri
1854 3585 1933 3675 pol,

401 3679 476 3751 licis
496 3679 531 3745 in
555 3673 681 3768 magnis
700 3669 835 3740 lacubus
859 3658 1016 3732 evadant:
1044 3655 1111 3747 jam
1136 3678 1238 3748 opaca
1265 3660 1301 3730 lit
1323 3660 1470 3756 glacies,
1503 3659 1538 3734 ἂ
1564 3686 1607 3736 eo
1631 3673 1739 3744 minus
1762 3676 1905 3766 pellucet
1914 3730 1936 3768 ,-

402 3794 474 3866 quo
496 3771 606 3863 plures
625 3766 827 3860 majoresque
851 3756 948 3828 bullae
970 3754 1183 3845 prodieruntr
1219 3756 1315 3827 bullae
1343 3760 1445 3830 a‘e'teae
1471 3761 1666 3855 plerumque
1698 3767 1770 3842 sunt
1790 3773 1962 3868 majores

402 3867 508 3944 versus
529 3886 678 3938 centrum
702 3860 739 3934 dc
762 3860 834 3929 axin
857 3852 937 3926 vals
956 3900 973 3932 s
999 3870 1096 3939 quam
1121 3872 1226 3944 prope
1249 3856 1412 3945 parietes:
1449 3855 1532 3947 faepe
1554 3855 1745 3954 adltaerent,
1771 3892 1826 3943 aut
1846 3875 1929 3948 inei·

398 3969 495 4061 piunt
517 3986 536 4033 a
560 3961 764 4055 parietibus,
787 3951 963 4025 formantes
984 3948 1181 4019 canaliculos
1203 3970 1394 4022 aureorum
1418 3952 1570 4044 species;
1601 3957 1657 4032 sed
1678 3962 1712 4034 hi
1734 3967 1938 4064 plerumque

400 4083 505 4157 prope
524 4059 662 4130 fundum
685 4055 762 4128 rufis
782 4051 975 4143 speumtur.
1026 4044 1077 4116 Ex
1098 4068 1181 4139 aqua
1203 4051 1290 4121 lente
1321 4049 1548 4143 conglaciante
1571 4057 1771 4145 pedetentim
1793 4069 1937 4158 quidem·

400 4161 496 4233 bullae
519 4160 624 4229 aireae
647 4152 878 4245 expelluntur,
911 4164 1024 4215 verum
1048 4145 1187 4235 expulsae
1219 4145 1337 4216 sursum
1365 4165 1525 4236 enatant,
1559 4172 1600 4221 ex
1626 4154 1795 4247 superficie
1819 4165 1937 4256 Aquae·

401 4277 548 4343 exeunt3
580 4252 683 4325 modo
712 4253 750 4321 in·
781 4242 948 4337 superficie
978 4263 1046 4312 non
1071 4240 1239 4315 offendant
1269 4241 1405 4315 crustam
1434 4248 1699 4346 conglaciatam‚
1728 4277 1803 4348 que
1826 4264 1937 4335 eximii

401 4357 501 4430 obiit:
527 4350 630 4424 troili
658 4346 813 4440 superiori
836 4339 979 4413 sannatia
998 4341 1065 4410 asti
1086 4342 1190 4411 exitus
1214 4338 1259 4411 est
1281 4360 1441 4436 negatura
1466 4344 1489 4415 li
1516 4366 1586 4417 tum
1610 4350 1748 4424 celerius
1771 4357 1927 4454 congela-

403 4459 450 4528 tio
472 4476 516 4546 pe
575 4471 612 4535 t,
634 4450 689 4518 aer
712 4440 876 4535 copiosius
899 4436 1074 4510 hincinde
1099 4436 1288 4533 colligitur,
1311 4438 1415 4510 bullas
1436 4444 1609 4536 ampliores
1631 4444 1837 4525 formaturus.
1881 4455 1934 4529 lm

398 4552 513 4651 glaciei
545 4545 700 4639 uperficie
722 4556 958 4627 nonnunquam
982 4534 1102 4648 perstat
1121 4533 1382 4650 foraminulum,
1412 4561 1473 4633 per
1501 4541 1593 4630 quod
1616 4565 1699 4638 aqua
1725 4549 1767 4620 ab
1790 4550 1927 4625 elallici·

401 4668 467 4720 tate
488 4648 652 4716 airearum
671 4639 832 4710 bullarum
853 4632 955 4725 pressa
976 4650 1138 4725 erumpit,
1163 4631 1323 4705 foramine
1338 4635 1405 4706 hoc
1425 4637 1555 4718 clauso,
1578 4640 1620 4710 ab
1641 4645 1717 4716 a'e're
1735 4648 1936 4741 intercepto,

406 4740 443 4817 dr
464 4741 495 4813 se
524 4738 724 4832 expandente
753 4734 887 4808 finditur
908 4730 1029 4827 glacies
1051 4750 1127 4803 cum
1152 4732 1310 4824 crepitu,
1341 4733 1397 4827 qui
1420 4736 1582 4832 perforata
1609 4739 1714 4838 glacia
1739 4766 1809 4820 non
1835 4748 1936 4819 audi,

1876 4862 1937 4917 ter*

479 5028 537 5111 (a)
558 5024 679 5110 Jouratl
700 5022 752 5091 det
771 5023 896 5093 stasmi
916 5026 972 5093 di).
993 5038 1080 5105 ¹753·
1099 5025 1331 5209 Doeezitgpgtg.
1349 5043 1398 5184 iza
