4992 6767
787 685 929 806 DE
1068 685 1395 808 lGNm
1773 639 1857 832 ma

332 939 336 946 ·
371 907 465 994 idem
489 907 543 986 Cl.
569 909 817 986 Reicbmannus
851 912 929 1010 (a)
960 912 1069 986 multia
1097 913 1166 987 aliis
1188 916 1418 1007 experimentis
1448 905 1678 997 confirmavit,
1703 913 1777 1006 post
1801 915 1853 986 io·

322 1037 398 1092 eum
423 1013 517 1084 lentis
540 1012 706 1102 utrimque
727 1029 909 1100 convexae,
936 1010 1005 1084 Soll
1029 1011 1187 1099 adversae,
1211 1012 1253 1083 ad
1279 1015 1379 1085 varias
1409 1035 1428 1084 a
1457 1012 1537 1082 foco
1566 1009 1727 1081 distantias
1745 1008 1852 1083 Ther⁴

319 1131 476 1202 mometra
497 1107 611 1179 similia
633 1105 668 1180 u
696 1112 764 1201 pari
790 1107 880 1199 palla
901 1109 1112 1197 incedentia,
1143 1111 1282 1198 locavit3
1314 1129 1448 1202 tumque
1470 1112 1660 1198 comperit,
1693 1107 1853 1180 Excessus

319 1209 513 1282 dilatationis
546 1203 706 1294 Mercurii
736 1205 832 1297 super
860 1207 1082 1279 dilatationem
1116 1206 1185 1300 ejus
1212 1229 1231 1277 a
1256 1207 1364 1279 calore
1399 1206 1598 1292 inumbra,
1629 1226 1698 1278 non
1722 1203 1852 1298 prorsus

318 1305 473 1378 abludere
501 1326 520 1375 a
545 1305 670 1376 ratione
695 1303 818 1376 inversa
843 1304 1073 1396 quadratorum
1099 1301 1316 1376 distantiarum
1343 1326 1362 1376 a
1385 1303 1477 1377 foco.
1513 1309 1589 1376 ·a⁰.¹'
1606 1302 1781 1378 Excessum
1800 1301 1851 1373 dl·

316 1401 482 1474 latationis
498 1424 516 1472 a
530 1399 637 1474 calore
653 1399 791 1494 majori,
808 1400 872 1472 elle
892 1400 935 1473 ad
946 1401 1106 1474 excelsum
1124 1401 1317 1474 dilatationis
1333 1424 1353 1472 a
1371 1401 1481 1472 calore
1493 1405 1632 1490 minori,
1658 1402 1750 1497 (ιο.)
1776 1421 1850 1471 rno-

317 1501 364 1574 do
386 1501 497 1570 exaue
530 1498 563 1572 in
583 1501 709 1570 tatione
739 1499 883 1591 quadrati
914 1497 1071 1570 distantiae
1096 1522 1115 1570 a
1139 1498 1249 1584 foco,
1291 1501 1347 1570 ubi
1380 1493 1524 1570 dilatatio
1556 1502 1663 1571 minor
1695 1498 1851 1592 produci·

320 1615 394 1682 tur;
418 1595 459 1666 ad
484 1595 672 1687 quadratum
694 1596 850 1669 dmannae
874 1617 894 1667 a
918 1595 1020 1681 foco,
1046 1597 1103 1667 ubi
1123 1596 1270 1668 dilatatio
1292 1596 1396 1690 major
1410 1595 1621 1688 producitur:
1645 1595 1752 1693 (ae.)
1777 1616 1852 1667 rao·

320 1695 367 1766 do
390 1692 552 1765 excellunt
577 1693 772 1767 dilatationis
798 1711 817 1764 a
839 1693 960 1793 majotl
981 1690 1091 1765 calore
1111 1692 1175 1762 elle
1199 1693 1382 1778 minorem,
1410 1713 1509 1782 quam
1537 1692 1711 1765 secundum
1731 1694 1852 1767 dictam

318 1793 480 1864 rationem
512 1791 707 1884 oportebat:
753 1809 804 1883 3⁰·
837 1792 941 1863 modo
968 1787 1135 1882 majorem.
1193 1807 1245 1879 4⁰.
1273 1787 1356 1957 (guo
1378 1790 1490 1860 minor
1516 1789 1562 1859 est
1587 1791 1699 1878 calor,
1720 1812 1767 1861 co
1790 1792 1853 1861 mi·

318 1909 381 1962 nus
407 1885 550 1961 excellas
574 1887 769 1959 dilatationis
791 1886 833 1960 ad
857 1890 1017 1962 rationem
1043 1885 1197 1958 inversam
1221 1908 1285 1978 qua
1308 1903 1451 1956 rarorum
1474 1884 1690 1958 distantiarum
1716 1885 1853 1960 aceede·

319 2007 356 2059 re
375 2037 388 2082 Ι,
422 1979 458 2058 dt
487 2007 556 2079 quo
579 1987 690 2057 minor
711 1984 758 2057 est
779 1984 898 2073 calar,
928 2007 971 2056 eo
995 1986 1131 2076 propius
1162 1982 1308 2056 excelsus
1331 1978 1528 2082 dilatationis
1551 1983 1594 2053 ad
1615 1981 1776 2058 rationem
1801 1985 1850 2058 iu·

318 2077 439 2156 versam
468 2082 699 2176 quadratorum
721 2081 940 2156 distantiarum
965 2083 1249 2174 appropinquare,

366 2179 401 2253 Si
423 2184 522 2279 igitur
544 2180 750 2253 Planetarum
771 2204 790 2251 a
814 2179 1080 2253 Soledistantias
1104 2198 1288 2268 ponamus,
1312 2178 1361 2249 uti
1375 2173 1610 2270 Mercurii4.,
1635 2175 1776 2254 Veneris
1792 2191 1852 2271 7.,··

317 2274 430 2352 Tetrae
461 2299 536 2364 to,
563 2278 682 2351 Martis
709 2297 788 2370 15.,
812 2275 905 2372 Jovia
929 2300 1007 2373 52„
1033 2275 1164 2348 Saturni
1184 2293 1245 2369 95.
1270 2276 1332 2346 etit
1357 2271 1448 2345 calor
1470 2276 1503 2346 in
1527 2273 1671 2350 Planetis
1693 2279 1742 2349 uti
1757 2295 1852 2370 700,

319 2397 411 2474 aoo,
441 2395 531 2463 ¹002
558 2395 630 2468 432
659 2395 700 2466 3²
727 2397 758 2445 ¹·

376 2522 410 2613 ς.
443 2515 692 2594 MDXXXlll.
727 2511 924 2588 Metalla&
948 2506 1167 2587 Semimetalla
1187 2505 1328 2587 rareiieri
1353 2511 1395 2587 ab
1420 2516 1498 2614 igne
1521 2535 1672 2613 eoasque
1695 2513 1860 2611 palrant,·

318 2640 357 2694 ut
379 2639 488 2709 partes
511 2640 532 2685 a
557 2618 658 2705 priori
686 2615 839 2682 contacta
864 2614 994 2701 penitus
1016 2631 1270 2696 removeantur,
1296 2607 1332 2682 &
1356 2635 1411 2683 aut
1436 2618 1518 2698 vix,
1542 2638 1689 2689 autnon
1714 2617 1856 2710 amplius

322 2737 402 2789 eum
422 2712 492 2785 aliis
514 2711 660 2804 partibus
683 2706 924 2796 cohaerescant:
950 2723 1019 2774 tum
1042 2708 1077 2776 in
1096 2704 1226 2776 mallem
1252 2706 1401 2777 fluidam·
1414 2708 1614 2799 liquescunt:
1638 2713 1723 2786 Non
1743 2733 1856 2785 autem

321 2809 483 2890 Metalla,
508 2826 707 2897 quamquam
729 2825 825 2894 reque
845 2797 983 2896 frigida,
1008 2800 1050 2870 ab
1076 2801 1196 2892 aequali
1220 2804 1305 2896 ignis
1318 2803 1521 2873 vehementia
1535 2805 1773 2892 refunduntur,
1798 2806 1856 2878 sed

320 2905 384 2979 alia
405 2926 425 2974 a
446 2901 582 2995 majori,
607 2898 667 2970 alia
692 2919 711 2968 a
738 2918 771 2968 m
816 2900 852 2974 's
869 2897 1119 2989 languescente:
1145 2897 1304 2966 Stannurn
1327 2920 1348 2966 a
1372 2898 1493 2992 [rigore
1516 2900 1634 2995 glaciei
1657 2901 1857 2993 usquedum

319 2996 473 3094 liquescit
494 2994 705 3081 calefadlum,
732 2991 768 3064 de
806 2991 930 3061 *etrum
951 2991 986 3060 in
1011 2989 1190 3061 rotundum
1213 2993 1382 3078 ambiens,
1408 2993 1441 3062 id
1467 2996 1500 3064 in
1525 2991 1638 3068 nostro
1661 2996 1858 3086 Pyrametro

321 3096 469 3174 rorefecit
499 3116 580 3188 ¹09·
609 3093 787 3190 gradibus:
826 3085 1004 3158 Plumbum
1034 3088 1103 3175 pari
1131 3086 1230 3177 padio
1256 3086 1489 3162 circumfusum
1520 3089 1779 3187 tutelecir·217.
1803 3109 1854 3192 gr,

322 3193 463 3294 Ziucum
492 3213 574 3288 300.
598 3213 647 3287 gr.
667 3184 878 3264 Bistuuthum
910 3183 990 3276 169.
1012 3202 1061 3279 gr.
1588 3201 1591 3206 ·

370 3339 403 3442 5.
427 3331 695 3411 MDXXXIV.
719 3329 1011 3429 Quemadmodum
1031 3325 1162 3404 metalla
1184 3334 1219 3402 in
1243 3327 1321 3426 igne
1345 3325 1532 3406 firmitatem
1553 3334 1735 3419 mittunt,
1760 3329 1797 3405 bt
1819 3339 1860 3412 itt

323 3439 461 3516 fluidum
483 3454 678 3516 vertuntur,
707 3430 825 3501 eodem
850 3427 954 3499 modo
977 3426 1078 3498 multa
1109 3428 1171 3500 alia
1194 3449 1338 3519 corpora
1369 3428 1504 3519 triplicia
1528 3417 1640 3526 Regni
1665 3430 1739 3504 sunt
1760 3452 1857 3524 com-

368 3556 457 3618 rata,
480 3534 529 3603 uti
551 3530 634 3613 Pix,
658 3528 766 3611 Cera,
791 3526 914 3597 Sebum
934 3574 946 3608 ,
969 3522 1112 3613 Sulphur
1134 3520 1200 3596 bec.
1252 3521 1336 3594 Haec
1351 3526 1438 3596 adlio
1460 3529 1547 3620 ignis
1568 3547 1703 3600 vocatur
1728 3531 1856 3604 Saletio

323 3634 379 3708 vel
403 3635 506 3725 Fufia.
532 3687 535 3694 .
557 3623 704 3719 Quando
724 3624 807 3715 ignia
832 3639 1010 3712 corporum
1037 3638 1144 3707 partes
1163 3622 1249 3690 adeo
1273 3623 1440 3706 removit,
1465 3641 1503 3692 ut
1526 3642 1640 3710 parum
1664 3624 1697 3694 se
1717 3607 1857 3717 amplius

324 3732 540 3823 contingant,
564 3720 689 3792 mollita
711 3717 783 3788 sunt
807 3737 964 3807 corpora:
990 3715 1122 3805 quando
1142 3735 1251 3808 partes
1272 3715 1406 3787 ulterius
1432 3738 1535 3809 usque
1556 3719 1598 3790 ad
1611 3719 1761 3793 ultimum
1775 3733 1861 3797 coni

327 3829 449 3901 tadum
474 3838 710 3901 removentur,
734 3817 837 3909 magis
857 3812 981 3883 mollita
1006 3809 1078 3882 sunt
1095 3832 1264 3903 corpora,
1290 3809 1325 3882 de
1350 3813 1520 3901 in'llatu,
1554 3837 1622 3906 quo
1646 3815 1753 3891 fluere
1775 3824 1858 3893 inci·

326 3941 473 4020 parent,
508 3936 606 4008 quem
635 3934 734 3986 nemo
766 3928 940 3994 accurate,
972 3906 1028 3978 sed
1061 3928 1186 3982 tantum
1206 3909 1322 3981 latiore
1355 3910 1462 4002 specie
1486 3911 1701 3988 determinare
1725 3917 1855 4009 potest,

327 4017 461 4114 quando
493 4031 613 4101 nempe
645 4013 678 4081 in
708 4005 898 4091 nonnullis,
929 4025 1003 4097 quae
1022 4003 1138 4101 frigida
1162 4027 1254 4078 erant
1278 4027 1408 4097 opace,
1441 4011 1675 4102 qualiscunque
1698 4036 1863 4106 apparere

437 4112 530 4185 iditas
551 4109 685 4201 incipit,
709 4101 747 4178 δι
763 4103 835 4178 vase
858 4102 901 4174 ad
924 4100 1029 4174 solum
1051 4101 1210 4177 inclinato
1230 4123 1338 4195 partes
1362 4126 1381 4175 a
1405 4106 1550 4198 partibus
1573 4106 1661 4180 lente
1683 4110 1856 4206 sejungun-

330 4196 1861 4394 uuillielmi*liiiiillidimittimini,iiil'lililli

496 4358 508 4391 ἱ
1374 4349 1386 4386 2

330 4408 446 4482 statum
466 4402 634 4485 redudiae,
664 4399 728 4491 jam
750 4395 893 4470 fluidum
914 4393 1084 4484 pellucet,
1108 4394 1239 4467 fluidius
1261 4396 1336 4485 eil,
1359 4399 1531 4488 variosque
1556 4397 1661 4471 induit
1685 4395 1857 4476 fluiditatis

332 4502 552 4578 &tenuitatis
584 4497 724 4592 gradus:
760 4493 794 4566 Si
816 4494 890 4584 plus
914 4493 998 4587 ignis
1019 4492 1184 4565 acceffent
1208 4515 1306 4587 quam
1331 4516 1450 4588 capere
1472 4494 1602 4587 potest,
1637 4497 1751 4569 eliullit
1776 4498 1858 4572 flui-

332 4602 444 4682 dam,
467 4601 543 4692 igne
565 4613 670 4687 partes
694 4610 930 4686 perreptante,
954 4588 1129 4685 elevante,
1154 4590 1186 4662 se
1211 4591 1420 4688 explicante,
1446 4589 1481 4666 ἀ
1505 4617 1670 4671 unacum
1694 4595 1861 4690 aliquibus

337 4694 499 4770 evolante.

1570 4793 1602 4893 §-
1626 4789 1859 4870 MDXXXV.

410 4981 467 5063 (a)
487 4983 687 5052 conmenta.
704 4984 788 5049 Nati
805 4985 959 5067 teaapot.
977 4988 1066 5054 Teu.
1080 4988 1131 5052 lv.
1152 5002 1220 5069 pag.
1231 4990 1302 5059 alat

1198 5098 1231 5172 li
1253 5101 1289 5172 ii
1313 5119 1339 5193 3
