4992 6767
839 633 1516 761 ,nnlnqmn
1791 651 1955 774 ,θῇ

418 849 422 858 “
471 876 524 933 1⁰·
547 831 710 927 Omnibus
728 844 923 921 anirnallbus
943 834 1181 936 molanum,
1206 837 1322 940 ‘neque'
1346 843 1459 942 potest,
1482 831 1629 938 aliquod?
1643 841 1725 919 un'le
1744 845 1820 920 vltra
1844 841 1885 926 δὲ·
1903 856 1950 930 sq.

413 959 507 1030 nitati
532 952 706 1045 pennatam
728 944 961 1039 pocularem,
983 939 1078 1034 cajus
1099 943 1238 1013 maxima
1261 956 1337 1033 pais
1359 935 1492 1014 nonunt
1510 944 1644 1036 Aqua·
1700 954 1703 958 ’

465 1062 515 1124 2⁰.
539 1049 697 1122 Dillolvit
720 1046 814 1117 ciboa
834 1046 869 1113 in
893 1057 973 1126 ore,
997 1032 1034 1111 dt
1058 1040 1152 1113 causa
1173 1035 1220 1111 est
1242 1039 1390 1110 omniurn
1409 1033 1580 1132 lnporum:
1611 1043 1775 1117 aridorum
1798 1048 1887 1119 enlm
1908 1050 1944 1124 l'n

413 1139 914 1232 oncoorenulluaaltlupor.
1239 1171 1321 1210 .:·
1382 1151 1558 1214 .’
1873 1158 1882 1173 ·

463 1267 514 1343 3⁰·
539 1242 673 1318 Inseruit
691 1237 900 1332 molliendis
925 1234 1021 1308 Cibis
1037 1279 1051 1321 ,
1066 1305 1068 1310 ,
1083 1234 1152 1326 qui-
1168 1233 1270 1312 ,nimis
1291 1232 1364 1306 duri
1380 1234 1546 1314 innostro
1574 1239 1779 1325 anniculo,
1803 1259 1866 1314 nec
1891 1265 1940 1317 ω,

414 1346 529 1430 nuari,
553 1363 617 1415 nec
631 1341 711 1414 uerti
726 1341 767 1420 in
787 1334 924 1425 ebulum
944 1331 1098 1425 pollent,
1121 1331 1155 1403 hi
1179 1345 1288 1402 antem
1310 1334 1345 1402 in
1363 1332 1464 1423 Aqua
1486 1341 1660 1424 maman,
1676 1357 1742 1416 ‚aut
1756 1341 1869 1428 coeii,
1892 1340 1942 1424 fu·

409 1442 507 1514 cilius
534 1441 699 1525 tabescere
719 1433 755 1507 da
779 1434 885 1530 digeri
912 1429 1054 1524 poliunt.
1141 1475 1152 1506 ·.
1746 1481 1761 1514 ·,
1834 1433 1840 1484 -’
1925 1416 1941 1486 .'

457 1558 512 1632 4⁰.
537 1536 596 1608 Est
616 1533 801 1614 valneolum
821 1531 928 1602 omnis
952 1529 1142 1601 nutrimenti
1162 1525 1310 1600 animulis
1330 1527 1372 1602 ad
1390 1547 1603 1622 quascunque
1625 1537 1779 1625 corporis,
1797 1511 1932 1626 partes.¹

409 1733 422 1804 Ι
461 1655 510 1731 5⁰.
537 1632 647 1709 Causa
669 1634 742 1706 vitae
766 1626 890 1715 exiliit,
925 1624 1113 1721 sanfflinctn
1134 1623 1289 1717 pervasa
1315 1626 1488 1699 meabilem
1516 1627 1682 1716 reddens,
1713 1649 1857 1724 eumque
1887 1635 1938 1708 di·

425 1755 516 1806 nens.

460 1834 512 1905 6⁰.
538 1828 647 1905 Caum
669 1824 882 1924 vegetationis
912 1817 950 1893 da
972 1822 1162 1894 incrementi
1184 1823 1334 1893 omnium
1365 1820 1411 1892 est
1437 1824 1694 1918 vegetabilium,
1723 1824 1809 1898 adeo
1834 1848 1871 1900 ut
1893 1851 1936 1902 ex

407 1926 475 1999 sola
495 1928 604 2020 pluuia
628 1942 775 2006 crescant
795 1922 916 2013 plantae
929 1938 1007 1991 cnm
1031 1916 1118 1994 loliis
1134 1911 1171 1990 a
1187 1917 1348 2004 floribus,
1372 1917 1480 1992 bulbis
1504 1923 1539 1992 in
1562 1920 1752 2017 lagenarum
1771 1925 1857 2019 gulis
1872 1948 1936 2019 po·

405 2024 490 2109 litis,
518 2023 554 2097 dc
576 2043 692 2115 nquam
719 2039 842 2092 tantum
869 2015 1095 2090 lambennbus.
1788 2057 1790 2061 2
1821 2057 1824 2062 <

456 2143 509 2217 7⁰.
536 2122 600 2193 Sed
622 2141 685 2192 nec
707 2116 822 2189 foffilia
843 2118 877 2188 in
907 2134 1001 2187 aetrae
1021 2117 1150 2210 gremio
1173 2083 1412 2200 increscerent,
1437 2116 1495 2188 nifi
1521 2137 1604 2207 aqua
1625 2133 1732 2208 partes
1759 2121 1935 2195 nonnullas
2082 2119 2088 2130 '

307 2308 312 2320 ι
403 2219 553 2293 nfinnis
584 2217 782 2310 corporibus
809 2214 999 2305 abriperet,
1036 2208 1073 2286 di
1104 2213 1175 2284 aliis
1201 2209 1360 2298 afferet,
1394 2214 1596 2303 quibuscum
1626 2217 1790 2288 innovas
1822 2216 1934 2292 mulsae

403 2317 559 2389 coalescit
574 2318 719 2388 minores
733 2311 786 2384 uel
804 2311 962 2405 majorem
987 2306 1109 2382 Nullus
1129 2309 1233 2401 lapis,
1258 2308 1361 2394 filex,
1386 2329 1515 2404 gemm
1537 2310 1691 2398 daretur,
1718 2313 1775 2386 nist
1789 2335 1830 2388 ex
1850 2337 1934 2405 aqua

401 2433 479 2486 cum
503 2418 594 2486 terris
615 2408 766 2502 permista
789 2406 903 2477 succus
928 2404 1133 2495 lapidescens
1156 2425 1417 2497 praepararetur,
1443 2411 1499 2499 qui
1526 2427 1641 2481 terram
1663 2408 1803 2483 induens
1825 2411 1933 2504 aliqua

402 2508 544 2581 offendit
563 2525 767 2597 corpora‚,a
789 2503 910 2592 quibus
929 2501 1063 2588 illitus,
1087 2524 1135 2572 ea·
1147 2503 1351 2597 conglutinat
1374 2504 1408 2575 in
1433 2525 1533 2576 unam
1550 2505 1704 2592 molem,
1741 2504 1778 2578 da
1800 2511 1933 2599 quibus·

403 2627 482 2677 aum
506 2603 682 2717 infilices,
704 2601 826 2680 stirias,
844 2596 999 2684 lapides,
1021 2617 1212 2681 marmora,
1236 2594 1273 2666 dc
1294 2596 1366 2667 saxa
1387 2603 1472 2670 varia
1491 2602 1741 2694 discrepantium
1758 2605 1933 2702 figuratum

405 2718 619 2771 converntur.
1184 2753 1186 2760 .
1265 2753 1277 2764 .
1335 2753 1340 2761 .

455 2794 508 2868 8⁰.
534 2795 677 2864 Piscium
699 2790 747 2861 est
768 2786 965 2859 vehicnltnn.
1045 2849 1048 2854 .
1863 2863 1866 2868 ,

354 2896 356 2900 ’
452 2913 506 2985 9⁰.
539 2888 589 2962 Ut
620 2884 845 2967 danuvium,
878 2885 998 2972 quibus
1024 2901 1238 2955 mercaturam
1269 2904 1347 2956 ctam
1379 2886 1595 2957 remotiffimls
1630 2891 1765 2981 populis
1801 2897 1933 2975 mercer

399 3011 489 3061 mus.

455 3094 527 3158 10⁰.
552 3082 697 3156 Plaviam
729 3080 866 3182 format,
892 3100 966 3171 qaae
987 3076 1078 3169 lapsu
1097 3077 1205 3149 adrem
1226 3099 1416 3169 permeans,
1441 3078 1544 3169 lavat,
1569 3084 1762 3175 plantasque
1778 3088 1889 3156 nutrit.

454 3203 529 3258 11⁰.
552 3180 654 3273 Aqua
676 3178 840 3252 abluimus
864 3189 1078 3269 quascunque
1102 3172 1236 3266 sordes:
1272 3172 1405 3247 inservit
1427 3180 1524 3247 etiam
1553 3177 1649 3271 Aqua
1666 3181 1833 3268 balneis,
1859 3203 1928 3257 non

400 3301 524 3355 tantum
552 3276 715 3362 lavando,
748 3276 802 3348 led
840 3292 925 3346 artus
966 3269 1090 3368 rigldos
1119 3269 1347 3359 emolliendo,
1374 3270 1604 3364 arthritidem,
1638 3279 1924 3369 rheumatismum,

398 3380 546 3470 aliosque
567 3375 702 3446 morbos
724 3374 863 3465 pellens.
1714 3379 1719 3388 “
1917 3391 1920 3396 ·

449 3484 528 3550 120.
554 3472 665 3543 Etiam
686 3469 828 3542 fonnutn
849 3464 887 3539 dt
906 3466 1085 3540 fluviorum
1106 3467 1172 3541 sola
1201 3468 1249 3538 est
1272 3466 1394 3551 caula,
1424 3486 1522 3556 atque
1551 3471 1595 3539 ita
1630 3474 1800 3544 monendis
1823 3474 1925 3546 mola·

399 3597 472 3646 rum
489 3573 696 3663 aquariorum
709 3567 789 3652 alis,
811 3566 1055 3653 innumemque
1067 3560 1137 3635 allis
1160 3563 1271 3634 diibus
1292 3561 1498 3635 Mechanicis
1518 3566 1660 3640 inservit.
1678 3568 1806 3640 Utrum
1819 3591 1923 3662 aqua,

397 3692 443 3743 an
464 3671 551 3766 ignis
575 3665 613 3735 lit
630 3663 761 3747 utilior,
784 3664 918 3759 egregie
939 3659 1112 3751 disputavit
1131 3658 1322 3735 Plutarchus
1347 3658 1369 3754 (
1406 3662 1441 3755 ).

449 3781 482 3881 5.
508 3775 768 3854 MCCCCXX.
791 3773 1010 3869 Distingultnr
1031 3793 1116 3861 aqua
1144 3772 1186 3842 ab
1215 3769 1368 3843 omnibus
1392 3773 1461 3843 aliia
1485 3772 1599 3849 fluidis
1625 3777 1690 3851 hnc
1713 3801 1818 3873 usque
1840 3802 1922 3879 cog·

396 3884 494 3966 nitis,
521 3876 613 3970 quod
638 3874 676 3946 fit
698 3871 794 3946 massa
816 3869 934 3956 fluida,
960 3868 1099 3961 liquida,
1123 3869 1275 3951 humida,
1300 3868 1464 3958 minida,
1489 3875 1646 3961 inodora,
1670 3876 1825 3969 limpida,
1849 3880 1921 3969 pel·

398 3979 504 4051 lucida
529 3975 628 4069 (b),
652 3971 774 4043 coloris
799 3987 944 4060 expers,
976 3967 1099 4062 exiguo
1123 3965 1233 4037 calore
1254 3964 1418 4054 volatilis,
1454 3971 1487 4039 in
1510 3971 1587 4067 igne
1611 3975 1841 4060 munandans,
1866 3974 1923 4047 sed

399 4076 489 4148 illum
510 4074 706 4166 plerumque
731 4069 936 4163 extinguens.
1580 4073 1583 4078 '
1624 4088 1629 4096 ·

406 4271 408 4276 .
445 4195 477 4296 l.
499 4191 777 4272 MCCCCXXI.
801 4195 972 4284 liquatum
992 4188 1113 4281 species
1129 4191 1291 4266 numerari
1305 4183 1359 4259 sex
1372 4191 1515 4288 poliunt.
1570 4200 1621 4270 ι’.
1642 4191 1677 4269 E
1695 4181 1779 4270 caulo
1799 4197 1925 4296 decidiq'

400 4295 457 4371 sub
483 4294 749 4385 rotmannum,
775 4293 879 4378 nivis,
901 4285 954 4363 tel
977 4286 1154 4383 grandinis.
1471 4297 1475 4304 '
1507 4291 1511 4298 '
1552 4297 1555 4302 ’
1749 4300 1753 4306 ”

450 4406 500 4467 2⁰.
526 4392 584 4463 list
607 4391 751 4467 fontana.

451 4511 501 4592 30.
525 4488 717 4563 Fluviatilia.

449 4608 504 4681 40.
528 4585 679 4657 Putealis.

453 4704 507 4779 5⁰.
532 4678 698 4750 Paludol'a.

446 4783 502 4854 6⁰.
528 4776 671 4848 Nlatirn.

1305 4867 1919 5002 succum

1210 4973 1263 4987 v·-

1180 4993 1185 5002 ι

472 4971 532 5051 (s)
551 4967 699 5030 Plutarchi
719 4982 801 5045 epar.
822 4971 911 5035 Ton.
933 4987 962 5036 s.
983 4943 1054 5054 με’]
1068 4943 1158 5053 9ῑςς,ἷ”

472 5054 534 5132 (ὁ)
552 5048 706 5116 utoetotua
725 5048 757 5111 in
778 5048 890 5131 licoat.
907 5053 1032 5141 ΗΜ
1056 5057 1127 5142 cap.
1149 5074 1179 5127 ι.
1204 5137 1270 5216 cc
1294 5156 1391 5215 cc,
