4992 6767
571 705 658 808 2596
766 694 859 796 vDE
890 675 1255 797 ,corporibus
1290 664 1505 768 Lucilli
1540 666 1890 766 BIBENTIBUS.

577 889 788 976 noniensem,
811 890 870 981 qui
890 886 931 958 td
955 884 1117 982 fulgorem
1139 883 1298 952 excitatus
1321 875 1394 947 luce
1424 872 1558 964 quidem
1582 877 1698 964 nituit,
1722 873 1776 944 sed
1800 894 1869 946 non
1885 871 1942 945 ille
1955 870 2102 952 colenti

575 989 679 1077 luce,
706 1010 780 1079 quae
805 990 840 1059 in
859 983 1000 1076 lapidem
1026 979 1206 1053 inciderat:
1230 1000 1307 1048 cum
1333 992 1441 1044 tamen
1463 974 1682 1062 experimenta
1706 972 1775 1042 haec
1800 993 1869 1043 non
1894 970 1967 1044 sunt
1991 973 2101 1048 obser·

576 1108 648 1161 vcta
668 1084 827 1157 methodo
844 1077 1247 1159 accuratillimoBeccarii‚
1272 1073 1356 1145 forte
1371 1087 1461 1141 error
1486 1069 1672 1141 commiffus
1696 1069 1757 1139 est:
1783 1070 1860 1139 ideo
1877 1071 1997 1142 incerto
2014 1069 2097 1144 huc·

578 1205 686 1273 usque
709 1183 886 1252 sententia:
918 1197 1057 1249 attamen
1091 1194 1159 1245 non
1189 1192 1278 1243 caret
1307 1165 1594 1240 verolimilitudine
1618 1189 1757 1258 corpora
1784 1165 1940 1237 attrahere
1961 1167 2098 1253 lumen,

577 1281 678 1371 idque
701 1279 754 1350 vel
777 1276 974 1348 constantius
1002 1276 1169 1355 retinere,
1195 1270 1246 1341 vel
1269 1288 1371 1357 ocyus
1388 1266 1563 1349 omittere,
1596 1264 1707 1335 amillo
1733 1264 1856 1333 lumine
1879 1284 1947 1335 non
1969 1267 2098 1353 nitere,

473 1381 475 1383 ’
578 1377 634 1448 sed
659 1376 768 1446 iumen
793 1394 900 1445 tamen
925 1374 1040 1441 iterum
1066 1368 1180 1437 imbibi
1203 1364 1321 1457 polle,
1358 1361 1512 1456 quamdiu
1543 1380 1650 1453 partes
1681 1382 1859 1453 corporum
1882 1359 2025 1452 ejusdem
2048 1383 2099 1435 te·

578 1475 730 1560 nuituis,
754 1470 960 1558 mobilitatis,
987 1466 1135 1538 iiccitatis
1155 1482 1298 1535 manent
2113 1529 2124 1534 „

682 2097 960 2186 cneus
1019 2095 1585 2183 Tntonsrmum
1637 2068 2051 2180 PRIMUM.

777 2396 841 2480 De
874 2392 979 2480 luce
1008 2392 1194 2505 Resioila
1220 2403 1266 2490 ἐξ
1298 2395 1526 2505 Corporibus
1558 2389 1887 2501 Resringentibnt.

574 2716 607 2819 ς.
634 2713 861 2791 MDCCVII.
985 2717 1094 2788 uondo
1117 2737 1158 2787 ex
1178 2716 1372 2809 corporibus
1402 2714 1585 2787 lucentibus
1615 2712 1746 2785 evolans
1779 2712 1836 2784 lux
1868 2710 2003 2805 spatium
2029 2720 2098 2792 int·

889 2721 1083 2937 Qne,
1129 2815 1181 2885 vel
1210 2836 1341 2906 corpus
1377 2813 1599 2904 quodcunque
1635 2809 1805 2896 fluidum,
1838 2830 1904 2882 ¹cut
1945 2812 2099 2905 firmum,

1010 2931 1187 3001 permeat,
1223 2911 1342 2980 dicitur
1371 2927 1538 3001 permeare
1569 2908 1745 2981 mediam:
1773 2909 1819 2978 ito
1841 2909 1928 2979 enim
1951 2911 2099 3002 appello

573 3029 648 3097 tur,
674 3014 832 3102 quicquid
856 3014 963 3082 lucem
986 3008 1179 3076 transmittit.

584 3184 589 3193 -
632 3135 664 3229 §.
697 3132 940 3205 MDCCVlll.
973 3132 1125 3202 Medium
1150 3128 1357 3221 hujusmodi,
1383 3132 1465 3203 lucis
1489 3131 1665 3223 plurimum
1701 3136 1941 3221 transmittens,
1964 3155 2099 3210 vocante

573 3233 809 3321 Pellucidum,
842 3248 897 3299 aut
919 3227 1150 3319 Diaphanum.
1203 3227 1237 3298 Si
1258 3228 1294 3297 'id
1321 3248 1516 3319 corporeum
1546 3230 1671 3315 fuerit,
1705 3231 1788 3322 saepe
1812 3253 1918 3322 partes
1943 3233 2097 3324 quasdam

573 3327 781 3398 intermedias
805 3347 870 3416 ope
899 3322 1043 3418 ingrellae
1069 3325 1330 3416 redeuntisque,
1361 3345 1414 3394 aut
1445 3327 1538 3396 variis
1566 3328 1625 3398 viis
1650 3328 1811 3419 replicatae
1836 3330 1975 3419 quadam
1999 3332 2094 3423 copi!

552 3424 659 3493 ¹lucis
682 3422 791 3493 videre
809 3419 1005 3513 possumus,
1028 3419 1129 3490 veluti
1151 3421 1196 3490 est
1223 3423 1257 3491 in
1285 3419 1411 3511 Aqua,
1436 3421 1636 3513 spiritibus,
1661 3424 1783 3510 Oleis,
1809 3423 1932 3513 Vltro,
1958 3426 2096 3517 Crystal-

574 3518 614 3590 lis
637 3514 703 3589 &o
753 3518 820 3589 Sed
843 3517 867 3587 ss
892 3517 990 3586 medii
1016 3536 1122 3607 partes
1149 3516 1208 3587 lint
1232 3519 1423 3604 tenuiores,
1456 3539 1512 3590 out
1541 3522 1703 3609 rariores,
1738 3521 1848 3614 quales
1889 3524 1961 3595 sunt
1985 3524 2097 3611 Aeris,

575 3616 777 3705 aliorumque
809 3612 1096 3704 limpidiffimorum
1126 3612 1302 3684 fluidorum
1337 3636 1471 3704 partes,
1518 3619 1722 3691 intermedias
1754 3641 1822 3689 non
1855 3619 2094 3717 distinguimus,

574 3713 695 3784 etiamii
711 3712 844 3804 quidem
861 3729 974 3781 tenues
995 3713 1028 3781 in
1048 3712 1087 3780 iis
1106 3710 1281 3781 volitantes
1306 3712 1524 3800 pulvisculos‚
1550 3719 1606 3804 qui
1629 3738 1648 3785 a
1672 3715 1750 3786 Sole
1774 3715 2096 3806 perfunduntur'cla·

574 3814 661 3881 riore
687 3810 772 3879 luce.
822 3811 976 3879 Attamen
999 3806 1241 3879 tnnsmedium
1266 3806 1486 3897 pellucidum,
1511 3810 1565 3881 vel
1589 3813 1622 3881 in
1635 3811 1770 3897 medio,
1796 3811 1921 3903 obJeua
1937 3817 1979 3886 ab
1998 3815 2097 3887 oculo

573 3927 702 3978 remota
724 3927 899 3976 cernimus.

633 4031 667 4122 5.
699 4029 909 4103 MDCCIX.
943 4031 977 4104 Si
1002 4032 1156 4105 Medium
1178 4032 1216 4104 lit
1237 4032 1514 4128 homogeneum‚
1545 4049 1644 4124 atque
1669 4052 1956 4124 quantumcunque
1978 4033 2102 4124 fuerit,

572 4131 678 4202 ubivis
704 4128 849 4221 eiusdem
874 4129 1057 4215 lenitatis,
1082 4130 1211 4201 bmulac
1236 4128 1310 4201 Lux
1332 4133 1366 4201 in
1392 4131 1424 4203 id
1449 4127 1584 4226 ingrella
1609 4128 1676 4214 est,
1702 4131 1735 4200 in
1759 4131 1809 4201 vil
1835 4127 1999 4199 rctliffima
2023 4155 2103 4223 per·

571 4231 622 4323 git
648 4228 668 4297 l
691 4229 799 4319 primo
824 4227 977 4324 ingtellus
1002 4229 1125 4319 pontio
1154 4228 1194 4298 ad
1219 4229 1361 4313 exitum,
1388 4247 1583 4317 quacunque
1596 4227 1775 4299 directione
1792 4225 1969 4311 incesserit,
1995 4250 2103 4319 querr-

570 4345 642 4396 tum
668 4346 709 4394 ex
732 4325 1007 4395 observationibus
1030 4324 1198 4414 hucusque
1218 4327 1321 4413 captis
1343 4322 1497 4420 colligere
1522 4324 1617 4395 licet:
1643 4346 1716 4415 quae
1742 4328 1829 4396 enim
1854 4321 1939 4395 Solis
1955 4324 2013 4395 lux
2036 4349 2101 4419 per

573 4443 708 4509 pervum
732 4421 879 4492 foramen
905 4422 937 4492 in
962 4442 1121 4491 cameram
1145 4421 1313 4491 obscuram
1338 4420 1542 4505 infunditur,
1567 4424 1652 4493 reela
1676 4424 1709 4492 in
1734 4424 1809 4492 urire
1834 4421 1961 4507 transit,
1987 4425 2035 4492 uti
2060 4419 2100 4495 ἀ

574 4518 609 4586 in
634 4518 756 4607 Aqua;
789 4516 866 4587 ideo
887 4514 961 4589 Lux
979 4520 1063 4590 bene
1084 4516 1230 4587 exhiberi
1251 4517 1359 4609 potest
1386 4540 1452 4611 ope
1473 4517 1630 4590 linearum
1655 4520 1840 4605 rectarum,
1867 4539 1934 4591 non
1960 4521 2099 4610 quiden

572 4609 899 4701 Mathematicorum,
926 4615 979 4686 sed
1001 4613 1217 4703 Phyficnrum.

631 4736 663 4835 ς.
696 4737 890 4814 MDCCX.
923 4745 958 4814 Si
980 4743 1035 4813 lux
1057 4764 1099 4813 ex
1121 4765 1189 4814 uno
1213 4741 1336 4815 Medio
1354 4747 1394 4815 in
1416 4744 1551 4819 alterum
1567 4765 1736 4830 tremeat,
1761 4744 1853 4837 quod
1877 4766 1948 4816 eam
1973 4746 2006 4815 vi
2030 4738 2103 4818 mi·

572 4833 637 4928 jori
660 4840 837 4908 attraiirice
859 4841 982 4925 trahat,
1007 4841 1087 4911 lucis
1111 4842 1264 4911 velocitas
1287 4845 1476 4938 augebitur;
1502 4844 1567 4936 agit
1591 4844 1679 4913 eninr
1704 4842 1768 4912 hoc
1791 4842 1925 4913 alterum
1942 4838 2099 4912 Medium

527 4943 529 4945 ’
575 4934 609 5010 ei
635 4932 751 5026 mojori
778 4936 957 5015 otuahente
977 4939 1011 5007 in
1037 4936 1174 5036 lingulas
1206 4938 1290 5030 lucis
1309 4937 1485 5038 particulas
1502 4938 1686 5039 ‚luertione
1710 4939 1751 5009 ad
1777 4939 1837 5029 se,
1869 4940 2018 5047 adeoque
2041 4936 2111 5110 Ῑιιιὶ
