4992 6767
866 681 1007 778 DE
1141 685 1487 804 AQUA.
1857 695 1946 815 '607

456 887 490 988 Β.
515 883 688 964 ΜΒΧΧ1
728 881 864 958 Glacies
893 855 1073 956 refunditur
1103 903 1151 958 1⁰.
1176 887 1210 956 A
1234 884 1398 959 radiorum
1414 884 1575 957 Solarium
1592 885 1701 959 calore
1723 884 1759 962 de
1780 890 1823 962 ab
1843 901 1936 972 omni

408 991 417 1006 “
466 1011 504 1074 e,
530 998 577 1060 2⁰.
603 991 637 1058 A
662 986 767 1056 ventis
789 981 971 1055 calentibus
996 982 1198 1070 humidisve,
1222 985 1280 1076 qui
1304 1007 1347 1056 ert
1363 982 1476 1056 calidis
1494 986 1683 1080 regionibus
1703 984 1832 1074 afflant,
1856 1013 1937 1082 qua·

406 1085 453 1160 les
474 1086 541 1156 sunt
566 1081 732 1156 Australes
755 1074 790 1153 dt
814 1079 1046 1151 Occidentales
1064 1083 1098 1152 in
1120 1079 1252 1178 belgio.
1302 1103 1353 1175 30.
1378 1083 1411 1154 A
1435 1080 1564 1172 pluvia,
1589 1104 1664 1174 quae
1681 1105 1751 1175 quo
1770 1089 1935 1178 copiosor

405 1177 438 1252 dt
463 1182 620 1267 calidior,
645 1202 689 1252 eo
708 1181 804 1251 citius
831 1178 981 1250 tabesacit
1002 1179 1162 1274 glaciem,
1188 1182 1353 1272 praecipue
1371 1182 1393 1251 fi
1414 1200 1530 1253 ventus
1549 1181 1672 1252 calidus
1696 1182 1870 1256 vehemens
1892 1187 1933 1258 si.

401 1279 468 1351 mul
489 1279 670 1364 afflaverit,
694 1281 749 1370 qui
767 1276 909 1370 illapsam
935 1278 1076 1368 pluviam
1098 1279 1131 1346 in
1153 1277 1290 1372 glaciem
1314 1281 1445 1369 quatit,
1469 1280 1599 1363 atterit,
1624 1279 1735 1365 solvit,
1760 1277 1796 1350 dt
1821 1282 1863 1352 de
1881 1303 1932 1354 re·

399 1375 492 1466 liquo
522 1399 605 1450 caetu
629 1395 733 1468 partes
756 1378 890 1446 excutit.
949 1385 999 1465 4⁰.
1033 1381 1066 1444 A
1087 1377 1262 1464 vaporibus
1284 1397 1324 1445 ex
1347 1374 1416 1445 solo
1441 1373 1702 1469 assurgentibus,
1729 1373 1763 1449 dt
1789 1380 1830 1449 ab
1855 1381 1933 1476 igne

404 1474 611 1548 subterraneo
642 1476 777 1570 agitatis.
831 1492 883 1566 5⁰.
907 1472 962 1543 Ab
989 1470 1089 1563 Aqua
1117 1471 1226 1542 subtus
1248 1473 1361 1564 rapide
1390 1491 1566 1558 currente,
1603 1470 1769 1566 &partes
1793 1498 1812 1546 a
1835 1476 1933 1550 massa

402 1573 601 1682 abripiente,
625 1573 701 1644 licet
723 1571 893 1663 perstiterit
917 1570 1007 1667 gelu.
1058 1569 1110 1640 6⁰.
1134 1571 1169 1643 A
1193 1569 1321 1642 Salibus
1345 1569 1480 1662 injedis.

451 1731 482 1830 ς.
509 1731 703 1805 NlDXXll.
730 1729 862 1805 Glacies
887 1731 920 1802 in
945 1728 1061 1821 amplis
1088 1731 1286 1816 crateribus,
1312 1733 1346 1800 in
1371 1729 1490 1820 quibus
1504 1729 1627 1826 stagnat
1651 1752 1756 1823 aqua,
1781 1752 1932 1806 nontam

401 1833 469 1902 cito
493 1836 525 1902 in
551 1833 667 1928 Belgio
692 1828 818 1902 refundi
848 1827 955 1919 solet,
981 1850 1078 1919 quarn
1102 1831 1292 1899 concrevit:
1329 1829 1466 1899 tabescit
1492 1827 1794 1918 inaquabiliffime,
1819 1833 1933 1921 acqui·

401 1931 442 1999 rit
474 1928 675 2020 superficiem
708 1931 833 2024 magnis
863 1925 1050 1996 cavitatibus
1083 1923 1117 1997 ἃ
1151 1925 1339 1998 monticulis
1376 1921 1621 2014 exasperatam,
1653 1925 1742 1998 lente
1777 1926 1933 1999 duritiem

399 2029 508 2112 exuit,
535 2026 717 2112 mollescit,
741 2046 854 2118 parum
872 2022 1037 2110 cohaeret,
1062 2021 1231 2120 spongiosa
1255 2022 1315 2110 sit,
1341 2041 1512 2107 tenuatur,
1535 2022 1667 2093 tandem
1685 2027 1817 2115 penitus
1832 2023 1929 2119 liqui·

401 2143 452 2194 tur
477 2146 508 2195 m
533 2145 660 2215 aquam.

444 2281 475 2380 ς.
502 2281 713 2355 MDXXHI.
740 2282 789 2353 Ut
809 2283 937 2353 brevior
959 2282 996 2351 fit
1020 2280 1186 2366 dosirina,
1208 2281 1358 2373 quadam
1382 2278 1438 2350 sub
1462 2280 1701 2371 problematum
1721 2277 1827 2352 sorma
1851 2301 1929 2373 pro

396 2401 528 2472 ponam.
584 2403 631 2451 ιο.
656 2380 759 2450 Unde
778 2383 927 2448 oriuntur
947 2377 1057 2448 insulae
1076 2375 1110 2448 &
1131 2400 1259 2449 montes
1274 2378 1445 2473 glaciales,
1470 2382 1527 2469 qui
1542 2377 1718 2470 aliquando
1737 2376 1807 2448 sunt
1827 2400 1931 2450 unum
2074 2415 2076 2420 ·

396 2477 448 2548 vel
473 2479 541 2548 duo
570 2477 718 2547 milliaria
741 2477 855 2568 longi,
881 2470 915 2543 dt
942 2495 1025 2566 500.
1050 2474 1102 2544 vel
1128 2476 1211 2545 600.
1238 2474 1330 2545 ulnas
1355 2473 1468 2559 erasit,
1497 2473 1531 2545 dt
1558 2497 1599 2545 ex
1623 2477 1702 2546 mari
1727 2477 1872 2546 eminent
1887 2473 1931 2547 ad

395 2577 514 2645 variam
538 2573 741 2642 altitudinem
768 2591 834 2659 90,
865 2590 949 2655 roo,
978 2593 1074 2659 400,
1101 2591 1182 2660 500.
1207 2571 1357 2664 pedum?
1392 2572 1443 2640 sed
1471 2573 1542 2643 sunt
1570 2569 1606 2643 dt
1627 2575 1791 2661 minores,
1817 2593 1929 2644 natan·

400 2688 450 2738 tes
474 2672 507 2737 in
540 2670 621 2736 Sinu
643 2664 816 2746 lludsoni,
841 2663 931 2733 llslari
952 2664 1223 2750 Groenlandico,
1256 2688 1326 2734 tum
1358 2688 1462 2755 prope
1492 2690 1607 2739 terram
1631 2665 1733 2764 Ignis.
1779 2673 1833 2740 An
1858 2690 1930 2740 non

400 2767 505 2855 primo
525 2765 682 2854 principia
707 2763 739 2830 in
764 2757 960 2851 amplifflmis
977 2758 1114 2829 formata
1138 2759 1208 2830 sunt
1228 2760 1436 2850 fluminibus,
1467 2763 1584 2850 hyeme
1608 2765 1650 2832 ad
1670 2764 1750 2833 vada
1771 2765 1927 2859 congela·

400 2863 459 2944 tis,
486 2858 520 2928 dt
547 2881 620 2948 quae
643 2858 841 2951 marginibus
867 2856 982 2948 glaciei
1013 2854 1149 2938 solutis,
1178 2879 1253 2927 vere
1278 2855 1409 2926 suerunt
1431 2857 1562 2947 expulsa
1593 2860 1626 2928 in
1652 2877 1768 2942 mare,
1803 2861 1837 2926 in
1861 2879 1932 2949 quo

399 2958 564 3038 natantia,
591 2953 850 3048 magnituditune
875 2949 909 3020 dt
935 2950 1105 3021 altitudine
1129 2952 1248 3023 deinde
1273 2956 1478 3022 increverunt
1501 2976 1520 3022 a
1548 2953 1636 3024 Nive
1659 2953 1798 3043 illapsa,
1833 2955 1931 3024 undis

396 3055 526 3123 marinis
551 3051 674 3142 injesiis
701 3045 766 3119 &c
791 3047 875 3118 adeo
898 3066 934 3117 ut
959 3048 1019 3117 snt
1040 3067 1124 3136 opus
1155 3050 1283 3138 aliquot
1308 3069 1498 3132 annorum,
1531 3069 1592 3120 nec
1623 3049 1679 3119 nis
1705 3049 1814 3119 multis
1838 3051 1933 3120 annia

396 3149 521 3223 refundi
544 3147 682 3239 possent.
732 3147 786 3217 An
809 3147 920 3234 potius
943 3142 1014 3214 sunt
1036 3163 1142 3236 partes
1165 3145 1281 3239 glaciei
1299 3141 1336 3214 dt
1353 3146 1457 3228 nivis,
1480 3166 1555 3234 quae
1578 3148 1613 3215 in
1641 3146 1829 3234 montibus,
1843 3146 1933 3216 marl·

396 3247 634 3338 adjacentibus,
662 3243 871 3318 accumulata
909 3241 1056 3331 pluribus
1093 3244 1186 3312 annis
1217 3239 1378 3327 suenrnt,
1419 3240 1540 3312 deinde
1571 3240 1655 3311 ultra
1685 3260 1815 3312 montes
1846 3243 1929 3313 emi-

397 3364 499 3431 nent,
531 3344 677 3436 pondere
704 3341 942 3430 abrumpuntur
964 3336 999 3407 dt
1026 3341 1060 3407 in
1093 3358 1181 3407 mare
1210 3337 1411 3410 labunitur?
1444 3358 1618 3430 utrumque
1645 3337 1753 3432 potest
1784 3337 1849 3410 else
1873 3357 1931 3413 ve·

396 3463 479 3511 rum.

449 3572 500 3624 2⁰.
525 3549 711 3644 Quousque
734 3544 809 3640 gelu
838 3542 868 3611 se
888 3561 1036 3632 penetrat
1064 3546 1097 3614 in
1117 3541 1286 3613 Terram?
1318 3541 1360 3612 ad
1384 3540 1537 3612 diversam
1561 3545 1596 3614 in
1620 3545 1714 3615 variis
1737 3544 1931 3640 regionibus

398 3650 618 3719 altitudinem:
645 3647 746 3714 Anno
783 3659 886 3730 ¹709·
918 3640 951 3707 in
981 3638 1099 3734 Belgio
1127 3640 1169 3710 ad
1193 3638 1395 3710 altitudinem
1424 3643 1520 3709 trium
1542 3637 1665 3732 pedum
1685 3658 1927 3730 penetraverata

399 3746 555 3816 Biornius
585 3740 714 3813 tradidit
742 3735 846 3807 solum
880 3737 913 3805 in
945 3732 1099 3806 Yslandia
1132 3735 1173 3806 ad
1205 3735 1407 3806 altitudinem
1445 3755 1586 3825 quatuor
1621 3737 1744 3827 pedum
1774 3737 1930 3834 congelat·

400 3846 427 3913 ri
457 3843 543 3935 (a).
595 3835 778 3911 Schelserus
800 3834 834 3901 in
856 3832 972 3902 Suecia
998 3851 1114 3903 terram
1138 3831 1179 3902 ad
1202 3830 1405 3902 altitudinem
1431 3830 1568 3903 duarum
1597 3833 1746 3904 ulnarum
1777 3834 1926 3906 Suecica-

398 3960 470 4010 rum
495 3938 595 4032 gelati
617 3932 795 4005 observavit
819 3929 911 4022 (b).
965 3924 1049 3997 Ellis
1073 3931 1106 3998 in
1138 3927 1219 3999 Sinu
1250 3926 1399 4000 lludsoni
1425 3929 1634 4018 hybernans,
1659 3929 1737 4025 gelu
1759 3933 1794 4002 in
1821 3929 1929 4002 solum·

397 4037 437 4106 ad
459 4035 660 4105 altitudinem
699 4026 755 4097 16.
788 4026 910 4116 pedum
938 4024 1116 4113 penetrasse
1140 4025 1284 4116 prodidit
1319 4025 1405 4117 (c).
1464 4026 1530 4094 Sed
1563 4031 1596 4096 in
1626 4027 1741 4099 Sibiria
1759 4027 1806 4098 est
1832 4028 1931 4122 plaga

400 4136 484 4201 circa
512 4129 709 4221 Jalrutslroi,
743 4125 777 4193 in
809 4143 873 4212 qua
896 4118 1001 4191 solum
1032 4143 1198 4212 nunquam
1226 4121 1416 4215 regelatur,
1452 4121 1530 4191 ideo
1558 4120 1730 4195 Gmelinus
1759 4124 1814 4194 16.
1837 4122 1929 4215 Junii

401 4227 501 4299 solum
533 4226 639 4297 adhuc
671 4218 879 4316 congelatum
916 4216 957 4286 ad
980 4215 1181 4288 altitudinem
1206 4237 1345 4307 quatuor
1367 4220 1489 4309 pedum
1518 4216 1684 4288 offendit:
1717 4219 1831 4291 Solum
1851 4239 1929 4307 pro·

399 4345 440 4415 pe
465 4331 579 4420 Argun
614 4339 738 4392 tantum
767 4316 929 4412 regelatur
958 4312 1000 4384 ad
1025 4314 1227 4407 altitudinem
1255 4312 1359 4406 sesqui
1385 4317 1499 4403 ulnae,
1536 4310 1592 4388 sed
1626 4312 1708 4388 infra
1749 4316 1862 4388 omnia
1885 4314 1929 4397 ri·¹

403 4422 521 4520 Sint(
559 4421 592 4515 )·
1750 4556 1789 4633 3⁰
1824 4531 1927 4636 ραι

479 4749 536 4827 (1)
558 4746 678 4823 Journal
700 4748 750 4809 dea
771 4747 896 4810 Scaraoa
917 4746 974 4808 Ao.
998 4750 1086 4820 1675.
1104 4760 1170 4824 pag.
1193 4747 1263 4819 138.

478 4831 535 4906 (1)
554 4826 672 4906 Journal
694 4828 744 4889 des
764 4829 889 4890 Servant
911 4825 964 4884 Ao.
988 4827 1074 4898 1⁶⁶1·

478 4913 535 4985 (1)
557 4906 630 4966 Ellis
653 4906 772 4982 voyage
793 4919 825 4966 to
848 4903 984 4965 iludsona
1004 4907 1074 4982 Ray.
1097 4920 1163 4983 pag.
1190 4907 1256 4968 180·

473 4988 535 5072 (1)
557 4983 677 5050 caelu
693 4983 923 5050 1111111111
943 4983 1033 5048 Torta.
1054 4999 1083 5050 r.
1102 4981 1215 5050 etaim
1236 4995 1304 5063 pre.
1323 4977 1446 5048 xlvii.
