4992 6767
702 675 909 770 srva
991 677 1103 816 aaa
1185 625 1551 774 vaurts.
1781 711 1885 810 nn
1994 682 2007 697 ·

359 893 429 966 lum
451 883 592 977 hyemali
616 895 766 972 tempore
788 875 914 966 semper
936 871 1072 946 reddere
1091 875 1259 974 frigidius,
1282 901 1425 976 excepto
1451 883 1511 956 w,
1539 885 1573 959 s·
1599 887 1679 974 w„
1705 894 1762 984 qui
1778 895 1880 969 inter.

361 993 439 1064 dum
465 986 628 1055 mitiorem
654 999 764 1049 auram
788 973 905 1046 affert:
932 971 1059 1044 Celsus
1085 995 1153 1047 non
1169 977 1254 1048 male
1279 977 1380 1078 frigus
1403 980 1536 1055 deducit
1559 1008 1576 1055 a
1598 985 1768 1061 llllontium
1787 991 1878 1066 Nor·

360 1091 549 1184 tragicorum
574 1078 686 1175 Jugis‚
711 1097 785 1168 quae
808 1073 924 1162 hyeme
949 1073 1024 1142 nive
1049 1073 1131 1143 tella
1157 1074 1353 1165 perflantur3
1387 1101 1406 1149 a
1432 1082 1506 1152 nive
1525 1085 1613 1154 enim
1636 1092 1723 1159 venti
1748 1089 1880 1190 refrige-

361 1206 494 1270 rantur,
519 1177 554 1251 dt
579 1177 681 1273 frigus
704 1171 868 1244 advehunt
889 1171 923 1240 in
946 1169 1116 1258 sueciam,
1142 1174 1307 1264 precipue
1323 1174 1511 1266 Upsaliam;
1536 1201 1665 1255 montes
1680 1190 1769 1259 eninr
1786 1188 1877 1264 Nor·

361 1283 467 1450 engici
488 1278 633 1370 respeslu
657 1269 800 1365 Upsaliae
822 1270 931 1362 Jaeent
954 1288 973 1336 a
996 1287 1085 1358 parte
1112 1269 1307 1341 occidentali
1333 1272 1429 1365 (a),

424 1404 446 1451 ῃ
469 1379 606 1487 regione
629 1374 841 1445 Amazonum
866 1367 1053 1482 aimerice,
1078 1389 1152 1481 quae
1171 1366 1330 1440 habitatur
1351 1391 1369 1440 a
1393 1372 1519 1462 populo
1535 1375 1669 1472 Aguas,
1695 1382 1752 1454 sub
1770 1384 1877 1459 latitu-

361 1479 439 1591 ffine
464 1472 666 1585 Austm1,·4‚
689 1471 780 1565 grad,
802 1463 913 1580 mense
934 1462 1055 1577 Junro,
1080 1464 1192 1558 Julro,
1219 1461 1255 1535 ἃ
1273 1467 1442 1564 Augusto,
1466 1468 1567 1566 frigus
1591 1475 1636 1544 est
1658 1480 1796 1573 ingens,
1820 1507 1878 1557 cu·

358 1598 409 1691 Jus
431 1572 522 1644 causa
550 1570 600 1685 ell
617 1589 731 1664 jugum
755 1584 918 1636 montrum
943 1584 1016 1634 nave
1043 1566 1231 1678 testorunt,
1265 1565 1358 1656 supra
1373 1588 1607 1684 ⁸quos-uentus
1635 1572 1782 1692 spirans,
1813 1582 1879 1653 hoc

359 1674 461 1768 frigus
486 1667 615 1743 advehit
641 1666 729 1762 (b).
780 1660 903 1760 Quales
921 1659 980 1730 sint
995 1658 1094 1730 Venn
1117 1659 1348 1734 Occidentales
1371 1686 1405 1733 rn
1423 1665 1554 1758 reliquis
1580 1688 1672 1741 terrae
1695 1672 1799 1762 locis,
1823 1679 1882 1748 sc·

359 1775 406 1940 eh
416 1792 457 1841 an
488 1767 640 1934 humildi‚
672 1762 768 1931 εαίἔόἱ
790 1784 831 1931 :tin
856 1757 991 1925 frigltlli,
1024 1760 1115 1828 nox-ii
1139 1779 1180 1830 an
1204 1759 1328 1850 prosint
1343 1811 1354 1846 ‚
1372 1761 1499 1833 scdulo
1524 1764 1630 1837 adhuc
1659 1768 1880 1847 adnotandum

360 1891 379 1941 e
414 1887 567 1957 :exemp
582 1886 636 1935 um
661 1883 764 1935 moo
812 1880 866 1930 are
891 1877 933 1929 V⁰
948 1877 991 1925 1¹¹-

411 1996 443 2096 5.
469 1989 740 2068 MMDXCVll.
773 1987 874 2060 Venti
896 1987 1182 2080 Septemtrionales
1205 1989 1238 2058 in
1265 1984 1324 2056 bel
1351 1989 1383 2056 io
1405 1986 1528 2080 semper
1552 1990 1697 2090 higent,
1730 1995 1802 2073 sunt
1825 2006 1878 2076 in-

363 2099 467 2195 grati,
493 2092 686 2165 infoecundi:
719 2089 892 2161 adventant
916 2106 1024 2157 autem
1052 2107 1092 2156 eat
1114 2086 1304 2180 regionibus
1325 2008 1475 2178 frigidis,
1505 2086 1580 2184 juga
1604 2095 1765 2166 montium
1788 2097 1879 2174 Nor.

363 2198 548 2290 tragicorum
565 2189 794 2302 transiverunt,
819 2187 854 2253 in
871 2185 992 2294 fluibus
1013 2201 1034 2345 εἴ
1053 2183 1126 2251 nive
1149 2179 1325 2295 refrigerati
1348 2180 1439 2295 sunt:
1463 2181 1565 2258 solent
1589 2185 1714 2283 semper
1734 2193 1797 2268 else
1822 2197 1880 2270 fic·

364 2313 393 2362 el
401 2285 704 2453 ,Ogggawgtssngssgrlgr
699 2279 845 2470 13:³1⁹nge
846 2296 1053 2447 gatffilgjescalg
1056 2279 1179 2461 nltgciasl:
1198 2278 1476 2465 lhlgnvpssgzullmaln
1475 2303 1569 2450 gazeras
1576 2382 1777 2460 Germanico
1791 2390 1883 2484 plan·

361 2502 461 2564 tatas,
480 2476 514 2547 dt
539 2475 656 2545 Ventis
679 2472 999 2563 Septemtrionalibus
1021 2471 1196 2563 expolitas,
1225 2491 1286 2541 nec
1313 2471 1409 2556 laetc,
1436 2495 1497 2543 nec
1521 2478 1554 2546 in
1571 2500 1722 2576 magnam
1740 2487 1881 2560 altitudi-

363 2602 439 2654 nem
461 2573 624 2664 crcscere,
650 2592 823 2662 earumque
844 2590 984 2639 coronas
1005 2567 1170 2654 arescere3
1194 2568 1280 2639 idem
1302 2570 1400 2639 etiam
1428 2571 1461 2639 in
1486 2569 1679 2664 Britannia,
1715 2577 1749 2652 dt
1777 2584 1824 2655 ibi
1846 2589 1882 2658 in

365 2675 537 2750 Comubia
561 2669 747 2740 observant:
772 2668 866 2757 periti
890 2666 1014 2761 lignarii
1039 2687 1081 2734 ex
1103 2665 1248 2755 inspeelo
1272 2685 1418 2751 trunco,
1444 2668 1637 2765 plerumque
1661 2677 1763 2767 latus,
1788 2684 1883 2774 quod

364 2771 597 2867 Septemtrioni
619 2767 680 2837 fuit
700 2763 890 2848 obversum,
916 2783 957 2832 ex
980 2762 1108 2831 circulis
1127 2763 1254 2833 densus
1281 2766 1461 2852 compactis
1484 2765 1688 2861 dignoscunt.

415 2872 454 2942 ln
481 2868 592 2939 Sentit
615 2862 903 2956 Septemtrionales
929 2879 1046 2930 ventos
1068 2856 1132 2928 else
1152 2857 1454 2950 frequentissimos,
1490 2866 1564 2955 gelu
1590 2865 1625 2936 dt
1650 2874 1756 2941 nivern
1779 2875 1882 2946 addu-

363 2989 462 3049 cere,
488 2965 543 3035 sed
567 2965 678 3035 aerem
702 2958 893 3052 purificare,
919 2953 955 3028 bt
984 2976 1124 3045 corpora
1146 2958 1361 3026 corroborare
1382 2957 1526 3046 prodidit
1547 2961 1719 3037 sibbaldus
1746 2969 1767 3063 (
1800 2970 1835 3064 ).

413 3065 594 3137 Mottonus
621 3062 679 3152 (d)
706 3063 739 3127 in
757 3055 1035 3146 Northamptonia
1049 3072 1162 3124 ventos
1178 3067 1348 3144 regnantes
1364 3052 1570 3138 describens,
1595 3060 1725 3151 Corus,
1746 3066 1882 3140 desub.

364 3165 519 3244 solanus,
549 3162 683 3248 inquit,
711 3152 825 3243 sepius
852 3149 970 3239 spirant
993 3149 1120 3235 Mayo,
1144 3146 1234 3217 &in
1264 3148 1358 3217 initio
1372 3145 1450 3237 Julii
1459 3197 1470 3233 ‚
1497 3169 1565 3222 tum
1589 3155 1658 3227 dits
1679 3183 1698 3229 n
1723 3163 1802 3235 Sole
1827 3187 1881 3238 ca·

365 3265 451 3346 lent,
486 3259 599 3328 noctes
629 3253 771 3349 frigent,
804 3248 888 3317 adeo
915 3266 952 3317 ut
975 3245 1084 3315 hetbae
1109 3247 1222 3334 pruina
1243 3246 1484 3336 corripiantur,
1514 3246 1549 3319 dt
1574 3273 1657 3344 aqua
1684 3260 1716 3328 in
1740 3262 1882 3357 glaciem

366 3355 575 3432 concrescat:
609 3373 676 3422 tum
706 3345 827 3419 coelunr
863 3344 908 3414 est
939 3342 1065 3435 spissum
1097 3340 1131 3410 dt
1163 3363 1331 3433 opacum,
1360 3343 1522 3417 interdum
1548 3353 1730 3427 anhelatis
1761 3359 1881 3432 nebula

364 3458 473 3529 omnia
495 3454 651 3542 obtegit,
685 3468 758 3534 quae
790 3462 860 3509 tum
881 3462 1017 3512 vocatur
1039 3442 1178 3512 Nebula
1199 3456 1278 3511 atra
1299 3441 1464 3535 ederem,
1495 3466 1590 3517 mane
1614 3447 1649 3519 dt
1679 3454 1800 3545 vesperi
1831 3457 1879 3532 est

367 3547 563 3628 crassissima,
589 3545 754 3630 praecipue
776 3536 874 3605 afficit
907 3537 1108 3619 Fraxinum,
1135 3537 1225 3629 cujus
1249 3560 1358 3609 tenera
1382 3538 1458 3611 folia
1482 3543 1686 3637 nigrescent,
1710 3571 1882 3649 corregere

366 3663 525 3739 pereunt:
560 3640 628 3728 pari
652 3639 749 3727 pasto
774 3631 916 3717 Ulmus,
942 3628 1077 3705 &Nux
1100 3634 1260 3706 allicitur:
1293 3634 1370 3706 solia
1393 3658 1569 3729 pomorum
1599 3643 1793 3734 rubescunt,
1825 3671 1882 3723 aut

366 3745 485 3818 florum
507 3735 639 3829 petala,
666 3756 738 3825 quae
758 3703 880 3822 sugere
900 3730 1070 3801 conllriela
1091 3753 1158 3804 non
1183 3733 1346 3804 crescunt:
1382 3735 1552 3807 numerose
1574 3737 1682 3810 mustea
1711 3743 1803 3838 nlgra
1825 3746 1883 3815 ad-

367 3842 475 3928 volat,
502 3857 576 3926 quae
599 3831 713 3903 florem
735 3833 901 3917 irrepens,
926 3848 1032 3920 partes
1057 3850 1180 3901 teneras
1203 3832 1373 3901 interiores
1394 3833 1508 3904 exest:
1543 3837 1577 3906 in
1601 3835 1720 3934 Belgio
1744 3859 1765 3910 a
1785 3839 1887 3916 Coro

367 3941 454 4010 idem
479 3934 548 4003 fieri
573 3930 767 4002 observatur.

415 4030 640 4105 Nihilominus
662 4027 780 4118 hyeme
798 4022 1080 4120 Archangelopoli
1095 4024 1241 4110 Cautus,
1263 4022 1298 4096 dt
1314 4026 1531 4120 septemtrio,
1557 4030 1649 4124 supra
1665 4055 1754 4107 mare
1767 4037 1881 4109 album

365 4135 602 4215 adventantes,
633 4126 795 4197 resolvunt
820 4122 896 4218 gelu
924 4124 958 4192 in
978 4121 1145 4212 pluviam,
1178 4123 1324 4194 tradente
1354 4123 1581 4199 Lomonosow
1608 4129 1680 4222 (ei.
1733 4132 1884 4224 Septem-

365 4237 486 4306 trionea
507 4227 656 4299 Poloniae
679 4223 742 4295 elle
768 4221 946 4292 admodum
968 4222 1116 4302 noxios,
1147 4218 1348 4311 frigidosque
1374 4221 1563 4294 Erndteliua
1589 4227 1758 4302 adnotavit
1790 4231 1881 4330 (f).

364 4327 454 4428 Quia
477 4325 625 4399 sistuntur
646 4325 665 4394 d
689 4339 804 4396 monte
828 4318 999 4412 Carpattio
1021 4318 1055 4389 in
1080 4314 1282 4412 Hungatiam
1306 4337 1374 4393 nun
1399 4338 1580 4412 penetrant.

438 4600 498 4677 (a)
518 4598 589 4659 Aba
608 4593 738 4657 Berolin.
758 4595 828 4656 Vol.
850 4616 877 4673 ς.
898 4612 965 4674 pag.
984 4599 1050 4658 161.

440 4683 499 4753 (b)
518 4674 657 4738 Wooden
680 4676 794 4750 Rupere
813 4677 928 4754 voyag.
953 4685 1028 4752 part.
1049 4689 1078 4736 a.
1100 4671 1193 4750 clap.
1217 4685 1265 4750 53.

440 4760 496 4834 (c)
516 4757 615 4818 Scotia
637 4752 775 4815 illusttala
795 4754 862 4816 Lib.
889 4772 917 4816 1.
940 4756 1011 4831 Cap.
1029 4762 1057 4820 6.
1078 4780 1081 4784 ’

436 4839 497 4913 (d)
517 4838 623 4896 Natut.
646 4832 756 4893 Hister.
776 4832 813 4894 os
832 4835 1021 4912 Northampt.
1041 4833 1134 4912 Chap.
1148 4833 1186 4896 V.
1206 4847 1271 4911 pag.
1288 4843 1355 4912 331.
1428 4833 1449 4884 -'

439 4915 496 4994 (e)
517 4918 551 4975 ln
570 4914 684 4974 Annuit
705 4912 799 4972 Sacris
817 4913 972 4993 Petropol.
994 4915 1048 4979 Ao·
1073 4931 1160 4995 1153.
1181 4931 1248 4996 pag.
1266 4919 1320 4990 13.

437 4994 477 5076 (f
487 4994 501 5074 )
522 4994 671 5061 Watsatia
690 4989 829 5060 lllullaat.
851 4994 923 5075 Cap.
946 5011 976 5061 a.
996 5010 1062 5076 pag.
1082 5010 1131 5073 ῃ.
1193 4999 1197 5006 “
