4992 6767
395 2711 508 2820 ‘ff'rab

405 2867 468 2946 ¹¹1·
492 2884 508 2945 r

540 686 624 790 §ab
916 669 1133 764 ,ΒΕ
1275 663 1607 758 IGNE.

547 897 603 954 tos
625 869 812 966 expellatur.
865 866 972 963 Hujus
993 870 1121 965 purgati
1138 866 1298 941 Mercurii
1324 863 1496 938 necessaria
1517 863 1694 956 quantitate
1711 860 2000 944 Thermometrum·
2013 873 2078 946 lm·
2170 871 2177 892 “

548 974 692 1069 pleatur3
718 987 892 1059 antequam
917 971 1052 1058 superne
1075 968 1173 1039 tubus
1195 965 1372 1038 hermetice
1396 961 1584 1048 claudatur,
1617 962 1689 1033 ner
1715 982 1757 1033 ex
1778 981 1850 1036 toto
1878 966 1960 1037 tubo
1980 970 1999 1040 d
2023 991 2078 1042 ca·

547 1072 637 1144 lente
663 1065 856 1152 Mercurio,
882 1068 938 1157 qui
960 1062 1130 1135 rarefadlus
1153 1062 1196 1135 ad
1219 1063 1402 1154 supremum
1427 1058 1611 1144 adscendit,
1635 1060 1764 1151 penitus
1788 1061 1976 1152 expellatur.

600 1165 652 1239 6⁰.
683 1161 776 1236 Scala
800 1161 891 1235 lateri
923 1163 994 1233 tubi
1024 1159 1144 1232 stabilis
1172 1156 1207 1230 dt
1231 1159 1381 1232 constans
1418 1155 1615 1229 adscribitur.
1679 1155 1936 1247 Fahrenheytius
1960 1161 2080 1238 scalam

550 1267 634 1340 600.
648 1262 787 1355 partiunt
809 1259 971 1344 assumit,
996 1261 1205 1348 incipientem
1220 1280 1240 1329 a
1256 1257 1399 1352 frigore,
1423 1253 1517 1347 quod
1529 1253 1701 1346 asperrimi
1718 1254 1834 1345 hyeme
1848 1257 1951 1329 Anno
1969 1279 2079 1354 ¹709·

551 1361 684 1436 Gedani
708 1357 950 1442 observaverat,
974 1377 1029 1427 aut
1049 1358 1082 1425 in
1097 1356 1188 1425 milla
1211 1355 1316 1452 glacie
1339 1375 1415 1426 cum
1431 1351 1532 1424 Nicro
1548 1349 1688 1436 fecerat,
1713 1355 1865 1444 opinatus
1881 1352 2009 1428 nullum
2021 1357 2081 1428 fri·

552 1481 614 1651 ggrs
643 1458 709 1530 hoc
741 1457 846 1527 acrius
876 1453 1048 1539 futurum,
1094 1452 1234 1543 proinde
1265 1452 1330 1524 hoc
1358 1473 1422 1544 pro
1450 1451 1544 1521 initio
1578 1448 1683 1524 Scalae
1713 1449 1825 1521 assumi
1863 1471 1935 1523 tuto
1975 1451 2079 1545 posse.

596 1553 704 1626 uando
724 1573 831 1623 autern
850 1549 1036 1622 Mercurius
1052 1551 1083 1619 in
1099 1552 1176 1645 igne
1197 1549 1333 1634 ebullit,
1357 1548 1517 1620 summum
1538 1549 1693 1638 concepit
1708 1546 1871 1641 calorem,
1896 1567 1995 1640 quem
2016 1571 2080 1645 pro

553 1654 670 1725 ultimo
691 1648 793 1721 Scalae
816 1649 919 1720 limite
941 1669 1009 1720 non
1033 1667 1154 1718 temere
1176 1647 1300 1737 posuit:
1326 1644 1533 1719 Intervallum
1556 1645 1653 1741 igitur
1668 1643 1827 1716 Nlercurii
1850 1650 1885 1718 in
1902 1647 2002 1732 tubo,
2029 1651 2081 1720 in·

552 1770 602 1822 ter
623 1766 838 1819 memoratum
861 1743 962 1841 frigus
986 1741 1187 1816 &calorem
1218 1744 1478 1826 intermedium,
1505 1741 1608 1814 divisit
1633 1744 1667 1812 in
1701 1743 1784 1814 600.
1809 1742 1950 1834 aequales
1972 1767 2081 1840 partes

551 1847 615 1919 ssve
640 1844 775 1942 gradus:
802 1864 944 1935 quorum
971 1863 1029 1935 32.
1053 1840 1095 1910 ab
1116 1839 1232 1913 infimo
1255 1841 1317 1912 five
1341 1839 1411 1912 do.
1436 1838 1558 1911 indicat
1578 1837 1679 1935 higus
1718 1840 1809 1911 laciei
1830 1845 1863 1913 in
1877 1841 1973 1914 massa
1986 1865 2081 1935 aque

552 1940 1078 2130 llhmhrlslslllh
1093 1938 1258 2128 xx.
1272 1937 1559 2131 err-rsus
1582 1861 2081 2129 aripenni

556 2136 675 2232 Belgio
700 2131 939 2206 observationes
967 2132 1034 2204 sere
1060 2153 1175 2205 omnes
1201 2134 1276 2224 capi
1298 2131 1457 2225 possunt,
1491 2129 1759 2221 respondentibus
1787 2134 1940 2229 gradibus
1960 2135 2081 2229 Scala,

556 2255 631 2325 quae
654 2228 802 2303 adlatus
826 2229 1071 2302 Thermometri
1098 2227 1136 2299 Fi
1163 2280 1170 2295 .
1196 2253 1239 2319 4,
1264 2228 1420 2321 adscripta
1442 2227 1500 2299 est.
1554 2221 1644 2323 Quia
1673 2226 1743 2299 haec
1773 2231 1959 2305 universalia
1980 2233 2084 2308 Ther·

554 2347 717 2401 mometra
741 2331 850 2424 magni
880 2348 971 2400 erant
993 2328 1109 2420 pretii,
1136 2250 1170 2396 fit
1193 2325 1348 2398 duntaxat
1370 2323 1513 2414 Physicae
1539 2322 1718 2395 cultoribus
1745 2325 1986 2419 inserviebant,
2011 2331 2083 2405 lon·
2137 2409 2145 2428 ,

579 2448 598 2499 e
618 2445 725 2496 autern
748 2426 859 2516 plures
888 2444 978 2496 erant
1003 2424 1241 2510 observatores,
1267 2425 1323 2514 qui
1349 2441 1472 2494 tanturn
1496 2419 1641 2493 aestivum
1651 2421 1818 2506 calorem,
1844 2421 1880 2497 dr
1900 2425 2002 2526 frigus
2020 2451 2084 2504 ω.

554 2448 634 2595 feste
657 2522 806 2612 hyemale
826 2519 918 2594 nosse
941 2521 1143 2612 cupiebant,
1177 2521 1325 2593 breviore
1353 2518 1614 2609 Thermoscopia
1640 2516 1877 2610 lvlercurialia,
1901 2547 1976 2617 quae
1996 2531 2083 2618 quasi

558 2619 699 2690 abscislae
726 2640 833 2711 partes
854 2640 895 2690 ex
918 2618 1145 2689 universalibus
1171 2637 1282 2700 erant,
1305 2615 1454 2687 confesta
1475 2616 1566 2699 sunt,
1589 2614 1689 2687 veluti
1704 2616 1803 2688 videri
1820 2621 1927 2711 potest
1947 2626 1979 2696 in
1999 2625 2084 2700 Tab.

563 2714 728 2788 XXXlll.
754 2715 827 2812 Fig.
853 2733 886 2807 7.
913 2717 1090 2805 incipiente
1115 2713 1195 2784 scala
1220 2735 1239 2783 a
1261 2714 1364 2810 gradu
1390 2735 1447 2787 ao.
1473 2711 1530 2784 sub
1554 2735 1600 2794 o,
1634 2709 1669 2781 dt
1696 2707 1861 2790 desrnente
1884 2713 2026 2812 superius
2051 2727 2086 2798 iu

560 2815 662 2911 gradu
692 2835 779 2899 120,
804 2831 942 2903 quantus
962 2812 1053 2882 calor
1074 2832 1240 2902 nunquam
1271 2813 1304 2882 in
1326 2812 1414 2883 Aere
1436 2830 1541 2900 prope
1569 2808 1672 2879 solum
1695 2808 1785 2881 ullibi
1816 2832 1968 2886 terrarum
1992 2840 2088 2892 com·

558 2932 669 3004 pertus
694 2909 759 2980 este
795 2908 954 2981 Praeterea
981 2929 1023 2980 ne
1049 2908 1157 2992 scala,
1192 2911 1247 2996 ,aeri
1272 2906 1389 2989 incisa,
1415 2908 1456 2975 ab
1479 2907 1576 2975 Astis
1599 2905 1748 2998 injuriis,
1781 2907 1887 2996 Nive,
1912 2907 2086 2990 &Pluvia

557 3028 733 3088 noceatur,
758 3027 821 3075 nec
846 3004 1131 3074 Thermometrum
1153 3022 1172 3072 a
1195 3001 1332 3072 decidua
1355 3001 1511 3097 grandine
1532 3000 1713 3098 frangatur,
1738 3005 1895 3080 inclusum
1917 3009 1963 3081 est
1981 3013 2087 3090 vitreo

559 3103 641 3173 tubo
666 3100 837 3189 ampliori,
862 3096 1092 3188 crailiorique,
1117 3119 1182 3188 qua
1209 3099 1337 3168 ratione
1363 3117 1436 3168 tuto
1462 3097 1519 3168 sub
1540 3097 1598 3169 dio
1620 3103 1654 3169 in
1676 3098 1753 3172 loco
1770 3105 1924 3177 umbroso
1938 3104 2085 3202 suspendi

556 3195 675 3289 potest.
726 3191 839 3265 Nocet
861 3215 968 3264 autern
985 3212 1123 3285 promta
1146 3193 1264 3265 caloris
1285 3195 1370 3264 asrei
1394 3194 1549 3265 mensurae
1572 3197 1669 3266 tubus
1691 3201 1853 3286 extimus,
1877 3224 1943 3276 tarn
1966 3210 2086 3282 intran-

559 3296 583 3364 ti
614 3312 711 3383 quam
740 3291 871 3359 exeunti
905 3290 972 3383 igni
1001 3289 1165 3360 obsrslens.
1224 3290 1390 3364 Contenta
1422 3291 1620 3380 aliquamdiu
1650 3290 1909 3373 Thermornetris
1943 3301 2085 3380 Fahren-

557 3390 716 3477 heytianis
737 3384 799 3456 fuit
823 3383 1050 3476 Philosophia,
1076 3385 1184 3457 donec
1208 3386 1322 3482 postea
1348 3389 1389 3460 ab
1413 3390 1611 3479 experientia
1636 3410 1839 3482 compertum
1858 3399 1927 3485 est,
1951 3421 2015 3473 tarn
2029 3428 2085 3478 na·

561 3484 686 3569 rurale,
712 3503 808 3576 quam
839 3503 906 3554 arte
928 3485 1103 3554 excitatum
1129 3482 1250 3582 frigus,
1276 3484 1380 3564 multo
1406 3489 1511 3557 acrius
1534 3484 1619 3568 elle,
1643 3510 1739 3578 quam
1768 3491 2017 3588 fabrenheyn'us
2035 3505 2084 3574 in-

560 3602 706 3655 venerat:
734 3577 823 3652 Nam
845 3601 932 3652 anno
963 3583 1120 3673 1740.rn
1142 3582 1265 3679 Belgio
1287 3582 1388 3680 frigus
1409 3583 1558 3677 hyemale
1580 3583 1640 3656 fuit
1674 3611 1707 3657 a.
1736 3591 1891 3682 graduum
1915 3597 1996 3667 infra
2020 3597 2084 3670 sca·

561 3681 601 3752 1ae
626 3681 771 3753 initium:
799 3681 867 3750 imo
891 3678 1063 3769 aliquoties
1085 3680 1118 3748 in
1141 3679 1258 3775 Belgio
1279 3703 1345 3770 ope
1370 3681 1507 3770 Spirints
1530 3679 1616 3753 Nitri
1644 3681 1860 3776 Geossroyani
1883 3713 1958 3766 cum
1981 3694 2085 3791 glacie

561 3777 628 3849 rasa
650 3775 752 3861 milli,
777 3774 895 3863 hyerne
925 3775 1054 3868 gelante
1075 3773 1223 3842 viderunt
1244 3775 1432 3864 Philosophi
1451 3777 1551 3870 frigus
1577 3802 1635 3868 40.
1659 3783 1815 3872 graduum
1846 3789 1926 3859 infra
1950 3813 1985 3859 o.
2033 3791 2086 3867 Ex

564 3875 683 3964 quibus
707 3889 795 3962 patet
821 3867 947 3940 Scalam
971 3865 1198 3956 Fahrenheytii
1218 3865 1370 3940 deorsum
1392 3869 1457 3940 esse
1483 3871 1739 3959 producendum.
1801 3879 1867 3949 Sed
1889 3893 2085 3974 quousque?

563 3992 605 4041 an
629 3966 759 4038 ultimus
782 3965 875 4036 limes
898 3966 979 4048 erit,
1003 3983 1078 4034 cum
1096 3960 1284 4036 Mercurius
1307 3965 1434 4055 liquore
1450 3963 1562 4036 amisso
1585 3968 1733 4040 duritiem
1750 3972 1920 4047 indueret?
1943 4000 2084 4059 unvero

564 4066 671 4138 adhuc
693 4064 826 4136 ulterius
847 4061 976 4134 infimus
999 4060 1170 4153 ponendus
1196 4061 1316 4134 limes?
1342 4085 1416 4134 narn
1439 4061 1597 4136 frsolidus
1615 4063 1680 4156 jana
1703 4065 1887 4144 Mercurius
1911 4071 2016 4162 soret,
2040 4087 2083 4156 ab

564 4165 662 4235 audo
683 4160 804 4258 frigore
827 4157 1077 4232 condensaretur
1096 4162 1225 4256 mag's,
1255 4159 1454 4253 reliquorum
1486 4159 1653 4234 firmorum
1681 4186 1858 4257 corporum
1885 4171 2000 4258 inslar3
2025 4179 2085 4251 do.

565 4260 685 4331 necin
718 4261 796 4332 loco
828 4259 935 4330 omnis
964 4256 1047 4350 ignis
1080 4277 1212 4348 experte
1240 4261 1418 4330 maximum
1451 4258 1562 4331 sentiat
1583 4259 1684 4357 frigus
1706 4259 1741 4333 dt
1763 4263 1961 4340 densitatem.
2019 4273 2086 4347 Ec.

566 4360 638 4448 quis
658 4355 818 4450 ejusmodi
840 4354 949 4424 locutu
969 4374 1112 4445 unquam
1137 4357 1341 4448 exploratum
1363 4357 1518 4428 habebit?
1543 4355 1627 4430 adeo
1652 4379 1688 4430 ut
1714 4361 1757 4434 de
1780 4362 1895 4437 infimo
1924 4365 2086 4446 Thermo·

566 4456 660 4524 tnetri
685 4453 787 4524 limite
808 4451 886 4524 nihil
910 4451 990 4522 certi
1012 4449 1118 4523 adhuc
1141 4453 1277 4525 constet.

616 4561 774 4638 Nantrale
807 4562 908 4659 siigus
937 4563 994 4635 sub
1026 4565 1084 4635 dio
1115 4557 1254 4656 asperius
1283 4581 1381 4656 quarn
1417 4582 1475 4656 30.
1507 4567 1666 4661 graduum
1699 4569 1757 4645 sub
1781 4595 1816 4645 o.
1841 4573 1860 4644 d
1882 4573 2087 4672 Philosophis

559 4678 771 4762 ‘compertum
795 4659 861 4733 est:
887 4657 1045 4736 Gmelino
1067 4663 1103 4733 in
1120 4659 1237 4736 Sibiria
1258 4661 1447 4742 observante
1473 4660 1555 4762 (a)
1577 4668 1613 4742 in
1638 4665 1898 4771 Selemgensibus
1913 4680 2004 4750 terris
2017 4702 2085 4752 non

2019 4795 2091 4848 nm

642 4963 703 5048 (a)
719 4965 805 5034 tlara
825 4965 954 5037 sunta·
965 4969 1053 5036 Τοι.
1077 4985 1105 5036 t.
1121 4965 1238 5034 fresae.
1259 4985 1277 5033 t
1296 4985 1361 5051 pat.
1380 4971 1486 5038 mi.
1502 4970 1541 5037 td
1558 4972 1693 5040 Lxxlll.
