4992 6767
641 672 1130 770 METEORIS
1185 677 1524 778 AEREIS
1657 797 1663 804 ¹
1771 691 1856 799 '961

381 885 551 972 Tempore
573 875 692 950 diurno
716 874 852 969 Aquae
881 873 959 947 Sole
983 876 1169 967 incalescat,
1193 882 1432 975 vesperascente
1453 884 1508 955 die
1528 881 1649 956 caelum
1673 887 1742 955 cito
1763 887 1855 957 testi-

334 1001 486 1079 geretur,
513 974 621 1069 Ignis,
649 976 706 1066 qui
723 993 840 1065 aquam
855 972 901 1042 esl
927 973 1102 1069 ingressus,
1127 981 1343 1072 aequilibrium
1366 980 1519 1066 asseclae,
1552 1002 1593 1050 ex
1623 988 1718 1072 ¹iqua
1736 986 1769 1052 in
1786 985 1856 1055 Ae-

336 1100 404 1152 rem
429 1076 516 1145 exire
541 1073 689 1158 nitetur,
722 1067 870 1140 &final
894 1070 1046 1161 plurimas
1067 1095 1160 1165 aquae
1184 1099 1318 1168 partes,
1353 1081 1472 1169 quibus
1495 1077 1713 1163 obhaerescit,
1749 1080 1857 1152 fecum

336 1176 483 1265 abripit,
509 1168 613 1242 elevat
637 1172 670 1239 in
694 1189 810 1239 auras:
844 1167 1010 1257 particule
1031 1188 1147 1259 aquarn
1172 1175 1391 1264 relinquentes
1410 1179 1583 1270 cinguntur
1609 1169 1649 1246 ab
1670 1177 1858 1247 eleiiricita·

337 1294 398 1357 te,
422 1291 519 1359 aqua
543 1266 743 1359 repelluntur
773 1264 814 1334 ab
842 1267 1009 1350 invicem,
1044 1263 1079 1336 ἃ
1105 1269 1127 1338 li
1159 1274 1298 1361 primum
1323 1272 1461 1341 elevatas
1482 1271 1652 1361 sequantur
1674 1274 1773 1355 aliae,
1805 1272 1858 1343 hae

336 1372 463 1461 priores
490 1361 734 1456 quoquoversus
759 1366 793 1434 in
820 1361 994 1432 rotundum
1020 1365 1208 1453 repellunt,
1238 1363 1359 1437 &una
1383 1389 1459 1437 cum
1479 1368 1549 1437 aliis
1572 1391 1704 1459 quoque
1726 1370 1859 1442 adscen-

342 1466 449 1536 dunt:
486 1462 561 1532 hinc
599 1460 704 1532 aellate
741 1458 814 1551 post
838 1458 1078 1549 precedentem
1112 1464 1255 1547 aestum,
1289 1464 1460 1534 occidente
1483 1464 1560 1533 Sole
1583 1464 1618 1534 dr
1640 1467 1741 1555 poll,
1782 1485 1859 1537 cum

341 1564 409 1633 Aer
434 1551 548 1630 subito‘
557 1555 750 1653 refrigescit,
776 1553 912 1626 multum
930 1559 1058 1644 vaporis
1076 1561 1240 1647 conspicui
1266 1582 1306 1631 ex
1324 1562 1478 1645 lacubus,
1503 1557 1537 1629 br
1561 1560 1859 1651 fossrs,slt1viisque

338 1657 531 1740 adscendit,
556 1657 613 1746 qui
635 1653 803 1722 lateraliter
818 1651 853 1718 se
879 1649 970 1737 supra
997 1651 1111 1739 pascua
1135 1654 1169 1722 be
1196 1678 1269 1725 arva
1295 1655 1447 1726 diffundit
1467 1707 1477 1742 ,
1521 1678 1625 1750 eaque
1650 1659 1780 1750 prorsus
1804 1655 1861 1728 sub

341 1753 446 1824 forma
470 1749 597 1822 nebulae
613 1750 761 1845 obtegit,
786 1747 819 1816 in
844 1747 954 1836 primis
973 1744 994 1812 st
1012 1747 1132 1817 coelum
1147 1769 1246 1820 vento
1262 1771 1380 1821 careat.
1720 1781 1723 1786 Α

393 1850 561 1941 Tempore
582 1846 746 1936 hyemali,
763 1839 797 1913 ht
814 1863 887 1913 cum
911 1838 1017 1936 gelat,
1046 1863 1087 1912 ex
1111 1850 1216 1935 puteis
1238 1851 1377 1936 apertis,
1402 1845 1568 1928 fontibus,
1600 1872 1641 1920 ex
1666 1851 1798 1937 srlstrris,
1828 1848 1863 1921 da

342 1949 501 2042 aperturis
524 1948 556 2015 in
580 1945 684 2042 glacie
708 1961 824 2036 magna
840 1940 968 2030 vaporis
994 1942 1041 2010 vis
1065 1942 1097 2010 in
1114 1944 1248 2025 adrem,
1281 1943 1365 2032 aqui
1388 1941 1486 2012 sltridi
1513 1945 1618 2014 multo
1642 1945 1864 2040 frigidiorem,

345 2043 533 2126 adscendit,
559 2040 754 2127 densamque
769 2036 885 2108 format
902 2034 1073 2106 nebulam:
1098 2039 1176 2110 hinc
1188 2091 1200 2124 ,
1214 2061 1290 2111 cum
1308 2043 1341 2109 in
1361 2037 1604 2124 Groeulandia‚
1623 2037 1658 2110 &
1679 2043 1866 2135 regionibus

344 2142 510 2234 polarihus
534 2139 650 2225 hyeme
681 2137 740 2207 aer
758 2133 966 2208 vehementer
986 2132 1108 2226 sriget,
1134 2137 1252 2205 nebula
1269 2158 1311 2205 ex
1328 2138 1408 2204 mari
1431 2136 1560 2229 assurgit
1576 2136 1779 2222 denstllnna,
1811 2158 1868 2209 ve-

343 2241 400 2311 luti
421 2234 527 2305 sumus
542 2253 583 2304 ex
597 2235 743 2303 camino:
769 2236 816 2303 uti
834 2231 1021 2300 observatur
1042 2250 1176 2316 quoque
1198 2236 1285 2299 circa
1308 2228 1444 2298 infulam
1471 2231 1582 2299 l'errae
1609 2233 1742 2316 Novae,
1768 2234 1868 2326 vulgo

343 2331 542 2424 Tmrneuf,
568 2327 652 2399 &in
669 2329 753 2394 ostio
775 2324 917 2390 fluminis
937 2322 1002 2388 (livi
1022 2318 1214 2412 Laurentii,
1248 2323 1382 2412 aliisque
1405 2326 1518 2394 vicinis
1538 2325 1645 2393 locis:
1680 2330 1869 2416 quicunque

345 2434 376 2504 se
394 2437 427 2500 in
444 2427 588 2495 medium
612 2417 754 2489 Nebulae
770 2418 905 2507 recipit,
932 2436 1078 2506 teporem
1095 2421 1258 2511 quendam
1278 2421 1390 2508 sentit,
1416 2421 1518 2491 velles
1541 2440 1648 2492 tamen
1666 2425 1780 2511 pruina
1794 2444 1869 2493 cor·

346 2530 526 2618 ripiuntur,
553 2517 607 2587 sed
624 2519 679 2605 qui
696 2537 714 2583 a
734 2513 852 2583 nebula
880 2512 1079 2603 aliquantum
1102 2517 1205 2590 modo
1229 2518 1345 2610 abest,
1379 2541 1398 2588 a
1422 2517 1542 2614 frigore
1569 2518 1704 2588 humido
1727 2522 1871 2591 exuritur

349 2622 458 2713 quast,
484 2613 749 2686 &vehementer
778 2628 927 2682 nocetur.
962 2611 1050 2704 (a).
1097 2615 1162 2684 Sed
1187 2636 1356 2707 quoquea
1384 2614 1554 2686 Gaureion
1579 2616 1781 2686 observatum
1813 2616 1872 2688 suit

348 2717 519 2808 asperrima
537 2711 655 2800 hyeme
671 2712 744 2779 anni
766 2728 877 2799 1709,
904 2731 971 2799 quo
987 2710 1062 2805 gelu
1078 2732 1146 2780 erat
1161 2718 1295 2797 acrius,
1328 2733 1444 2801 aquarn
1467 2713 1540 2802 plus
1563 2717 1690 2803 vaporis
1712 2712 1871 2804 exspirare

349 2817 393 2981 pb
404 2814 448 2906 >3
473 2816 542 2882 imo
555 2809 620 2878 hoc
634 2829 700 2878 non
719 2823 844 2876 tantum
862 2804 896 2875 in
910 2825 1013 2895 aqua,
1044 2804 1097 2875 sed
1114 2810 1147 2875 in
1162 2809 1231 2876 aliis
1248 2813 1346 2876 etiarn
1362 2808 1468 2875 fluidis
1490 2811 1632 2894 pericula
1647 2808 1786 2893 faciens,
1813 2810 1874 2878 ob-

363 2912 498 2982 ervavit:
525 2904 656 2994 quando
681 2901 958 2973 Thermometron
986 2904 1193 2973 Amontonsri
1223 2902 1414 2974 ostendebat
1432 2903 1551 2996 gradus
1577 2923 1618 2994 51
1648 2900 1874 2986 &6lineas,

349 3008 458 3078 Uncia
481 3023 573 3092 aquae
602 2999 782 3088 exspirabat
800 3019 897 3092 grana
914 2999 936 3068 6
951 3000 1040 3069 horae
1056 3001 1184 3089 spatio,
1211 3020 1281 3071 tum
1305 3001 1487 3070 vertebatur
1512 3003 1545 3068 in
1569 3001 1732 3093 glaciem:
1767 2999 1875 3070 Uncia

348 3103 416 3175 olei
438 3099 544 3172 Nucis
568 3095 734 3186 exspiravit
754 3116 852 3188 grana
870 3098 911 3176 ll,
938 3096 1003 3163 hoe
1029 3094 1138 3164 oleum
1162 3117 1230 3165 non
1251 3103 1435 3166 vertebatur
1467 3096 1500 3164 in
1522 3095 1690 3188 glaciem:
1728 3095 1876 3167 Tantun-

349 3200 424 3272 dem
442 3199 577 3288 Spiritus
595 3191 672 3262 Vini
691 3187 725 3260 δι
743 3191 818 3260 Olei
836 3189 1080 3262 Terebinthiuae
1105 3190 1274 3279 exspiravit
1302 3213 1401 3284 grana
1431 3212 1485 3260 ra.
1543 3190 1666 3260 Oleum
1692 3190 1876 3273 olivarum,

350 3294 589 3368 &Mercurius
610 3287 847 3379 exspiraverunt
872 3287 962 3357 nihil.
989 3285 1099 3356 Nolle
1115 3285 1311 3380 frigidissima
1329 3288 1416 3356 Anni
1446 3305 1538 3377 1709
1566 3286 1750 3375 Monspelii
1768 3285 1876 3356 Uncia

350 3387 442 3484 aquae
458 3408 684 3480 evapomverat
699 3405 798 3478 gruna
815 3384 874 3473 48.
900 3381 1021 3453 Oleum
1037 3382 1142 3453 Nucis
1160 3405 1257 3475 grana
1284 3401 1343 3474 54.
1378 3382 1502 3453 Oleum
1519 3382 1763 3454 Terebintlrinae
1779 3405 1872 3478 gran.

347 3512 410 3585 72.
461 3487 597 3575 Spiritus
621 3481 700 3549 Vini
719 3501 810 3572 gran.
836 3500 895 3565 72.
921 3479 1040 3548 horum
1066 3478 1241 3547 fluidorum
1265 3481 1512 3568 evaporationes
1543 3479 1634 3548 ssmili
1656 3480 1759 3549 modo
1782 3499 1876 3570 pere·

352 3607 495 3683 guntur,
534 3576 628 3647 aede
646 3580 743 3658 Aqua
760 3574 881 3637 dicium
904 3572 974 3636 suit.

404 3691 701 3784 ulnlchClX.
734 3689 806 3783 Jatn
828 3689 959 3780 quidem
975 3691 1133 3778 vidimus,
1159 3689 1273 3785 ignem
1298 3691 1403 3776 Solis,
1429 3690 1592 3788 &ignem
1613 3693 1797 3764 terrestrem.
1814 3691 1878 3764 elle

356 3805 494 3895 primam
527 3792 663 3865 causam·
683 3788 944 3858 adscendentium
968 3797 1153 3877 vaporum,
1193 3786 1228 3856 δι
1254 3788 1494 3860 elesiricirarem
1525 3789 1726 3870 secundam,
1764 3811 1878 3861 verum

357 3902 453 3968 etiam
476 3890 587 3963 asserui
605 3886 668 3958 else
689 3885 802 3979 Ignem
820 3883 1078 3968 subterraneum,
1104 3881 1211 3975 &qui
1233 3905 1301 3955 non
1316 3886 1442 3956 viderur
1462 3887 1590 3970 minor,
1611 3907 1666 3956 aut
1683 3885 1877 3956 imbecillior

356 3992 448 4065 causa
470 4007 652 4079 vaporum
679 3982 755 4052 ideo
777 3978 903 4052 necesse
916 3979 982 4065 est,
1008 4000 1044 4050 ut
1067 3983 1178 4069 aliquo
1197 3982 1300 4051 modo
1317 3981 1565 4072 demonstrem,
1590 3987 1699 4076 ignem
1721 3985 1877 4053 subterra·

360 4111 456 4163 ncum
473 4105 581 4157 revera
606 4082 694 4163 dari,
721 4074 757 4148 δι
781 4099 848 4148 non
874 4097 914 4146 ex
940 4076 1109 4167 hypothesr
1136 4076 1258 4146 assumi.
1307 4077 1421 4170 Ignem
1444 4098 1520 4146 eum
1538 4081 1679 4165 probant
1709 4090 1756 4148 1⁰.
1772 4077 1877 4146 Ther-

359 4210 421 4259 mae
446 4183 605 4262 calentes,
629 4199 702 4268 quae
718 4178 751 4245 in
766 4175 876 4245 multis
892 4175 964 4243 sunt
978 4175 1178 4266 regionibus.
1864 4241 1872 4252 ι

412 4304 462 4353 20.
488 4278 626 4350 Montes
641 4271 811 4358 Vulcanii,
838 4269 1006 4360 copiosum
1022 4273 1131 4364 ignem
1150 4289 1189 4337 ex
1203 4264 1318 4337 abditis
1341 4267 1513 4340 visceribus
1538 4265 1649 4339 Terrae
1667 4267 1880 4360 exspuentes,

361 4379 471 4474 quales
486 4375 578 4446 multi
594 4371 664 4442 sunt
682 4375 715 4443 in
731 4366 874 4440 universa
889 4366 1001 4436 Terra.
1318 4383 1321 4388 ·

416 4483 467 4565 3⁰.
493 4470 574 4565 Quo
588 4467 722 4540 fossores
736 4466 865 4537 fodiunt
880 4483 997 4555 puteos
1019 4460 1277 4554 profundiores,
1302 4483 1344 4534 eo
1361 4462 1514 4554 majorem
1539 4464 1682 4536 calorem
1706 4465 1877 4554 experiun-

362 4593 436 4655 tur,
463 4566 666 4657 &vaporem
682 4563 858 4636 calentem:
886 4558 1036 4632 Gensane
1053 4560 1192 4631 diresior
1209 4558 1393 4636 fodinaruur
1406 4560 1558 4649 elisacia,
1583 4562 1738 4660 ingressus
1752 4561 1879 4728 ledigos

1850 4680 1877 4728 ιι

442 4850 499 4927 (a)
520 4850 601 4910 Hans
618 4847 717 4924 Egede
732 4848 864 4926 descript.
888 4849 1065 4913 Groenland.
1086 4850 1159 4928 Cap.
1179 4868 1209 4925 4.

439 4932 499 5007 (l)
519 4927 679 4990 L’Hisloir.
697 4925 733 4986 de
755 4928 864 4991 l'Acad.
886 4932 965 5008 Roy.
987 4931 1042 4993 llo.
1065 4945 1149 5005 1709.
1169 4948 1235 5010 pag.
1257 4934 1325 5003 586.

1064 5036 1129 5134 Ga
1150 5059 1205 5132 ce
1229 5060 1282 5136 aa
