4992 6767
793 691 1524 795 DE'SONO:
1839 707 1927 815 '935

444 917 478 1012 ς.
504 899 822 988 mmccbxxm.
846 899 960 974 Aitera
981 898 1067 970 aurio
1089 917 1163 992 part
1189 901 1325 974 macrior
1343 895 1565 992 labyrinthus
1585 895 1661 984 rii,
1691 913 1792 988 qnam
1811 893 1913 974 admi.

394 1017 493 1095 nanda
508 997 719 1084 accuratione
738 998 923 1090 deicripiit,
948 995 1147 1093 depingique
1168 1000 1291 1072 mamam
1310 997 1365 1072 Cb
1393 997 1434 1070 Β.
1455 997 1490 1068 S.
1515 995 1656 1068 Albinus
1682 992 1771 1092 (a).
1822 992 1860 1066 in
1874 1015 1919 1068 eo

392 1118 532 1211 primum
553 1103 697 1178 occurrit
719 1096 933 1180 uestibulum,
959 1094 1051 1185 quod
1072 1092 1119 1164 est
1140 1115 1254 1168 cauum
1281 1095 1464 1193 irregularia
1486 1093 1617 1192 figurae,
1641 1112 1812 1184 utcunque
1836 1113 1914 1164 ova·

398 1234 459 1296 te,
484 1210 564 1279 duas
588 1202 689 1272 linear
717 1193 847 1289 pollicis
868 1188 1064 1290 longum&
1093 1189 1218 1280 latum,
1240 1192 1345 1287 sesqui
1367 1193 1499 1279 eitum,
1533 1191 1591 1263 oiii
1616 1190 1747 1282 petroso
1779 1188 1921 1282 insculp-

397 1329 493 1380 tum:
526 1296 714 1373 intrinsecus
744 1293 779 1364 in
810 1287 1017 1382 [abymntiro
1038 1285 1128 1359 hiant
1149 1291 1297 1382 quinque
1324 1289 1448 1362 orificia
1473 1294 1570 1361 trium
1593 1288 1757 1360 canalium
1779 1286 1919 1360 amicir-

396 1405 575 1480 cunnum,
599 1419 640 1483 r,
663 1389 711 1478 P,
735 1387 793 1487 Q,
816 1387 981 1461 orificium
1002 1383 1151 1459 cochleae
1173 1387 1215 1470 S,
1241 1387 1372 1460 orificio·
1385 1391 1534 1480 quinque
1555 1407 1615 1478 pro
1638 1388 1745 1459 nervia
1768 1383 1920 1480 sttpmS,

400 1487 731 1577 discretionum,
755 1509 829 1580 quae
853 1486 1042 1588 membrana
1065 1482 1271 1576 occluditur,
1294 1488 1348 1558 cui
1369 1485 1504 1576 inheret
1528 1483 1632 1577 stapes
1656 1507 1688 1553 ra
1901 1519 1904 1524 ·

446 1624 478 1728 d.
501 1613 818 1716 mmccixxtv.
842 1612 926 1686 Sunt
946 1628 1056 1681 autem
1079 1627 1144 1682 tres
1166 1610 1295 1684 canales
1321 1609 1403 1690 orrea
1424 1611 1672 1696 semicirculores
1688 1613 1700 1702 ,'
1717 1633 1765 1708 p,
1788 1609 1841 1698 Ρ,
1866 1607 1925 1708 Q,

395 1727 589 1800 intrinsecus
610 1719 746 1792 cavitate
766 1709 934 1806 eiiipdet,
965 1707 1112 1799 quinque
1142 1701 1266 1778 motum
1295 1709 1427 1782 oriii'ciis
1459 1712 1494 1784 in
1518 1708 1710 1782 vestrbulum
1736 1709 1862 1784 hiantes
1885 1731 1928 1796 r,

402 1817 679 1916 quemadmodum
709 1829 847 1912 quoque
871 1803 1006 1878 cochlea
1038 1803 1090 1888 S,
1121 1824 1196 1897 quae
1219 1803 1266 1874 eii
1290 1804 1409 1875 canaiis
1433 1807 1640 1906 conoidens,
1675 1805 1809 1894 offeue,
1840 1803 1927 1892 ST,

405 1921 493 1996 circa
516 1913 657 2001 conum,
678 1909 734 1983 scu
757 1901 909 1981 nucleum
927 1898 1153 1984 convolutus,
1178 1901 1258 1971 duas
1282 1899 1380 1990 spiras
1393 1901 1472 1972 ciam
1488 1900 1622 1976 dimidia
1634 1900 1828 1988 absolvens,
1853 1921 1929 1995 quat

405 2016 542 2089 tendunt
566 2035 586 2084 a
608 2009 673 2082 baii
696 2006 737 2077 ad
758 2006 885 2097 apicem
908 2018 1038 2072 acutum
1065 1995 1127 2080 Τ.Ι
1160 1995 1319 2068 Cocbieae
1350 1999 1468 2068 cavitas
1500 1995 1699 2070 distribuitur
1722 1999 1757 2069 in
1781 1998 1850 2069 duo
1873 2019 1930 2068 ca·

403 2134 468 2198 ra,
491 2131 565 2203 quae
586 2097 677 2178 ic'aioe
698 2103 870 2182 dicantur,
894 2095 993 2170 altera
1013 2094 1181 2184 tympani,
1205 2092 1305 2163 altera
1329 2092 1497 2177 vestibuli,
1520 2114 1540 2162 a
1563 2093 1596 2162 ie
1620 2091 1766 2164 tifflnna
1789 2113 1858 2186 ope
1879 2090 1929 2163 se·

428 2209 537 2279 intenti
558 2198 726 2274 tanuiffimi
750 2195 843 2281 XZ,
866 2196 984 2288 partim
1006 2187 1176 2273 offei,·a,
1200 2209 1241 2272 a,-
1266 2211 1310 2264 a,
1335 2190 1450 2277 partim
1476 2189 1734 2270 membranacei,
1759 2190 1801 2273 b,
1825 2191 1866 2274 b,
1892 2181 2081 2299 &pb-21¹3

403 2301 566 2377 clariiirme
590 2295 741 2368 deiineati
758 2315 777 2361 a
793 2293 853 2358 Du
868 2289 1004 2370 Verney
1021 2284 1098 2374 (b).
1149 2280 1311 2352 Veiiibuii
1326 2279 1407 2352 scala
1422 2283 1564 2354 exterior
1578 2282 1647 2368 est,
1670 2301 1744 2374 quc
1760 2285 1876 2376 incipit
1889 2286 1932 2355 ab
1958 2260 1996 2312 ἰ’
2013 2263 2084 2308 ²⁰³⁰

404 2397 559 2477 orificio,
579 2389 673 2482 quod
690 2391 725 2455 in
749 2381 909 2456 vestibulo
932 2382 1016 2449 inter
1037 2375 1185 2447 foramen
1202 2377 1316 2462 orale,
1340 2379 1507 2452 cavitatem
1523 2377 1761 2464 orbicularem,
1786 2373 1935 2452 &cana-

403 2498 443 2568 iie
465 2483 705 2563 semicircuiaris
728 2477 888 2552 inferioris
911 2473 1071 2548 orificium
1093 2476 1263 2565 proprium
1285 2473 1502 2564 observatura
1529 2475 1578 2550 cii
1608 2474 1704 2572 hujus
1727 2471 1821 2549 seriae
1843 2475 1936 2548 oriri·

405 2596 495 2663 cium
518 2583 696 2674 eiiipticum
717 2573 754 2646 dt
778 2575 979 2646 maximum:
1004 2570 1100 2665 hujus
1122 2571 1320 2643 membranae
1337 2575 1539 2660 tenerrima,
1563 2569 1760 2666 pellucidae,
1784 2569 1821 2646 dt
1835 2571 1935 2648 tensae
2072 2563 2088 2609 ¹

408 2687 500 2757 iibrae
525 2680 699 2752 decurrunt
719 2674 761 2745 ab
783 2692 845 2742 axe
865 2669 1011 2742 cochleae
1039 2667 1082 2739 ad
1114 2671 1306 2754 exteriora,
1338 2669 1439 2738 ueluti
1470 2670 1550 2741 radii
1577 2671 1691 2743 circuli
1711 2691 1732 2742 a
1757 2691 1874 2744 centro
1890 2668 1937 2744 ad

409 2779 651 2876 peripheriamq
687 2769 759 2842 sunt
780 2767 946 2866 proinde,
978 2789 998 2837 a
1019 2764 1086 2837 bai
1106 2763 1213 2836 latiori
1234 2764 1277 2836 ad
1300 2763 1429 2856 apicem
1460 2761 1695 2854 supputando,
1725 2765 1938 2840 diueriiiimae

410 2873 645 2974 ionff'tudinisr
669 2865 884 2959 quamobrem
907 2864 978 2935 iaec
1000 2863 1190 2936 membrano
1213 2861 1259 2935 eii
1280 2859 1370 2954 quaii
1395 2857 1478 2934 scria
1501 2856 1732 2960 triangtriaria,
1754 2857 1939 2956 oompoiita

411 2997 453 3048 ex
474 2972 622 3063 piurimis
642 2963 773 3035 chordis
799 2960 895 3032 teniia
916 2957 1129 3031 diverfissimae
1151 2959 1381 3055 longitudinis.
1622 2981 1626 2990 ·

458 3096 493 3187 i·
517 3082 817 3162 mmcctxxv.
841 3081 972 3155 carra,
992 3079 1093 3155 oren
1115 3083 1263 3155 coeueae
1283 3081 1419 3175 nupt,
1442 3081 1560 3156 oren
1573 3080 1720 3156 namen
1738 3083 1945 3174 mnam,-
2085 3033 2099 3114 ὲ·

410 3191 504 3288 quod
534 3188 720 3260 membrana
752 3181 842 3253 renati
869 3178 916 3251 est
947 3177 1121 3249 clausum:
1149 3177 1216 3250 hoc
1247 3177 1396 3256 fommen
1424 3179 1555 3272 respicit
1578 3182 1748 3254 carintem
1770 3185 1942 3273 tympani,

412 3290 658 3383 opponiturque
679 3296 794 3352 centro
817 3277 1015 3388 membrana
1038 3275 1209 3389 tympani:
1234 3274 1283 3344 est
1302 3274 1374 3390 haec
1394 3271 1477 3348 ieaia
1503 3277 1673 3350 capim
1697 3277 1843 3374 tympani
1865 3295 1940 3350 m.

408 3388 465 3462 dur
497 3378 701 3475 aliquantum
726 3395 891 3459 concava,
913 3369 950 3444 ἃ
972 3389 1108 3445 anterior
1134 3370 1281 3478 respectu
1311 3373 1428 3464 pnoria
1450 3369 1566 3444 scaioet
1585 3374 1634 3447 est
1653 3375 1824 3474 utrimque
1844 3371 1946 3472 snb

414 3529 589 3632 mgnum
612 3481 668 3631 1⁶0·-
693 3519 777 3614 pou
806 3507 956 3598 aanor
980 3532 1023 3583 ex
1046 3509 1196 3622 mma
1219 3489 1454 3586 cambonio.

416 3709 418 3714 '
464 3702 497 3803 ς.
522 3690 842 3810 mmccaxxvi
866 3689 981 3804 Ambo
1000 3661 1079 3765 cara
1100 3687 1245 3803 cochieae
1260 3689 1296 3762 in
1308 3689 1406 3782 apice
1416 3669 1568 3766 amo
1585 3679 1733 3766 ¹cocitiee
1757 3687 1832 3768 iimt
1848 3712 1946 3790 ψ

419 3793 728 3974 {dammim
744 3809 828 3866 mm
842 3785 876 3860 st
896 3805 1006 3862 mem
1024 3807 1292 3873 ‘mmmmm’
1315 3785 1514 3862 “⁸⁶²⁸de
1528 3787 1585 3864 α·
1609 3786 1731 3886 ΜΨ,
1756 3791 1944 3892 Wiriiowr

478 4021 512 4121 i.
535 4005 868 4092 mmchxxvii.
898 4004 1006 4099 Supra
1028 4007 1248 4082 membranam
1274 4015 1424 4108 tympani
1447 4011 1647 4084 manaueriim
1669 4017 1769 4085 currit
1790 4014 1946 4105 quedam

421 4121 542 4215 species
555 4113 713 4198 chordae,
728 4109 798 4182 baec
812 4105 859 4178 est
873 4125 990 4178 nervus
1006 4107 1133 4189 tenuis,
1150 4127 1241 4178 ortua
1258 4126 1301 4176 cx
1317 4129 1408 4179 ramo
1423 4112 1527 4199 quinti
1540 4110 1647 4198 paria,
1671 4110 1892 4195 descendens,
1905 4129 1943 4181 ut

419 4215 617 4314 ingrediatur
638 4209 721 4282 latua
744 4207 884 4302 iinguaet
901 4199 956 4272 hic
972 4224 1089 4275 nervus
1103 4201 1269 4274 adscendit
1283 4224 1388 4293 usque
1402 4205 1444 4275 ad
1458 4202 1541 4278 latus
1556 4223 1726 4274 externum
1740 4205 1818 4275 oiiei
1834 4227 1943 4296 aquare·

418 4315 563 4398 duna,
596 4305 633 4380 dc
655 4307 796 4380 decumit
818 4299 911 4392 supra
935 4298 1114 4372 musculum
1139 4319 1309 4372 extumum
1337 4300 1465 4389 malici3
1489 4323 1565 4375 cam
1588 4322 1632 4371 eo
1651 4300 1743 4372 fimui
1765 4304 1948 4398 ingreditur

419 4433 533 4486 mrum
550 4408 716 4498 tympani,
740 4400 860 4472 deinde
881 4396 937 4468 sub
954 4399 1087 4470 tendine
1103 4396 1238 4489 oblique
1256 4396 1438 4485 descendit,
1454 4399 1602 4494 jacetque
1614 4397 1707 4490 supra
1721 4402 1944 4472 membranam

420 4507 587 4600 tympani,
611 4504 689 4574 dmm
715 4497 857 4596 egressus
881 4518 923 4567 ex
937 4499 1072 4569 cavitate
1093 4498 1189 4568 intrat
1213 4495 1361 4567 foramen
1382 4495 1455 4567 offis
1478 4497 1618 4590 petrosi,
1639 4494 1849 4594 jungiturque
1864 4518 1946 4572 cum

420 4623 513 4682 ramo
535 4600 696 4694 portioma
719 4597 808 4669 durae
821 4596 911 4668 nervi
926 4594 1096 4679 auditorii,
1120 4613 1295 4687 antequam
1311 4595 1365 4666 hic
1387 4616 1428 4666 ex
1455 4595 1512 4669 suo
1536 4595 1647 4668 canale
1667 4601 1733 4668 exit
1757 4597 1845 4692 (t).
2095 4659 2098 4664 .

1526 4693 1559 4794 ς.
1592 4690 1950 4782 MMCCLXXVIH,

495 4819 553 4895 (a)
576 4819 740 4884 Academic-
763 4822 902 4883 rinnotat.
923 4823 979 4883 Lm
1012 4839 1058 4880 rr.
1080 4822 1153 4880 Tab.
1184 4837 1198 4883 1
1221 4821 1249 4883 dt
1272 4838 1317 4883 rr.

496 4903 552 4974 (b)
575 4903 626 4960 Du
647 4903 765 4975 Verney
785 4900 940 4972 L'Organe
962 4900 1000 4958 de
1019 4899 1126 4960 i’Ouie
1146 4899 1265 4962 i’iancb.
1287 4918 1317 4961 x.
1335 4903 1398 4980 Fig.
1418 4919 1447 4975 4.
1464 4908 1494 4966 6·

496 4979 552 5057 (r)
574 4979 624 5041 Du
646 4977 763 5056 Vernep'
782 4977 938 5055 L’Organe
960 4978 996 5036 de
1017 4977 1119 5038 i’ouie
1139 4978 1259 5043 i'iaoch.
1282 4998 1309 5058 1.
1328 4981 1376 5059 fig.
1398 4999 1413 5041 a
1436 4979 1512 5042 dra.
