4992 6767
467 621 609 796 nm
885 641 1113 782 ¹¹DE
1263 682 1592 774 IGNm

526 944 649 1045 pedum
667 961 687 1014 a
707 935 803 1014 radiis
824 935 911 1012 Solis
933 933 995 1009 suit
1019 889 1208 1010 rarefactum
1240 893 1298 1060 ἐ-
1321 932 1430 1006 Ιῑιιεπ.
1475 920 1572 1002 Nob.
1594 922 1761 1029 Georgius
1784 930 1869 1027 Juan
1895 935 2061 1032 hquemia

532 1112 693 1186 corpora,
718 1109 782 1203 tres
804 1086 903 1179 pedes
926 1084 1045 1180 longa,
1070 1083 1189 1156 eodem
1215 1100 1365 1248 templtfre
1385 1076 1506 1247 t{indiis
1532 1076 1618 1155 Solis
1633 1080 1688 1248 dit?³
1714 1077 1801 1152 Petu
1830 1084 1997 1176 exposuit,
2023 1085 2062 1161 dt

532 1180 1287 1373 sufllmllilllsflnl‘sllm
1305 1193 1758 1367 nlrzl‘hlirmhlr
1773 1198 2065 1371 ilduini

538 1401 655 1561 ¹³²2*
681 1431 828 1525 Chalybs
865 1393 981 1556 ra}
1009 1427 1076 1500 AEs
1112 1389 1225 1547 1935.
1262 1421 1472 1496 Orichalcum
1515 1445 1573 1494 ao.
1605 1420 1734 1495 Vitrum
1770 1387 1865 1548 ᾖ.
1889 1423 1992 1521 Lapis
2030 1454 2066 1504 a.

536 1576 607 1676 Qui
629 1582 740 1652 omnia
765 1581 836 1653 haec
857 1582 1076 1673 experimenta
1099 1577 1184 1645 inter
1205 1571 1463 1664 secompamt,
1494 1568 1684 1644 consensum
1714 1593 1784 1644 non
1807 1576 1950 1660 invenit,
1974 1579 2066 1668 quod

535 1697 607 1749 non
631 1679 761 1764 evenit,
786 1680 863 1770 quia
887 1695 1044 1750 accuratae
1064 1691 1134 1743 non
1163 1667 1235 1741 sunt
1258 1667 1525 1756 observationes,
1550 1667 1605 1743 sed
1631 1670 1707 1758 quia
1736 1670 1875 1742 Metalla
1896 1673 2065 1766 explorate

537 1773 713 1867 plurimum
735 1780 818 1846 inter
844 1773 1078 1854 sedifferunt,
1112 1786 1210 1859 prout
1232 1765 1315 1838 faeta
1342 1764 1473 1838 suemnt
1501 1769 1536 1838 in
1559 1764 1689 1838 diversis
1716 1788 1751 1838 re
1776 1769 1933 1856 onibus,
1965 1791 2066 1862 prout

536 1874 668 1964 puriora
692 1871 744 1944 vel
765 1873 963 1964 impurium
988 1866 1060 1960 plus
1081 1867 1227 1937 minusve
1245 1882 1302 1936 aut
1322 1885 1392 1937 non
1413 1862 1488 1936 cusa
1504 1862 1655 1947 suerunt,
1681 1885 1739 1935 mo
1765 1867 1833 1936 iora
1855 1884 1911 1937 aut
1933 1868 2068 1964 rigidio-

537 1989 593 2053 ra,
618 1968 692 2061 plus
717 1970 863 2040 minusue
885 1965 1041 2049 elailica,
1071 1962 1145 2055 plus
1170 1964 1321 2033 'minusve
1345 1958 1411 2032 olei
1433 1980 1490 2032 aut
1519 1959 1581 2030 alia
1609 1961 1823 2055 ingredientia
1843 1963 2066 2055 complesian·
2120 1983 2124 1990 '

539 2083 608 2135 tur:
636 2062 670 2136 &
696 2063 773 2134 ideo
789 2064 877 2135 idem
900 2065 984 2160 ignis
1005 2063 1039 2132 in
1061 2057 1228 2144 metallis,
1262 2057 1386 2131 etiamfi
1410 2058 1560 2155 ejusdem
1584 2060 1755 2145 nominis,
1785 2061 1886 2133 varias
1913 2065 2069 2137 excitabit

540 2159 786 2249 mentionem
814 2182 888 2253 quae
911 2159 1071 2245 efficient,
1094 2176 1132 2227 ut
1154 2156 1266 2227 omnia
1287 2154 1473 2247 hujusmodi
1498 2154 1719 2244 experimenta
1752 2155 1878 2247 semper
1902 2159 2069 2256 singularia

540 2255 647 2330 sutura
666 2257 747 2342 fint,
773 2278 837 2329 nec
861 2257 1029 2354 generales
1048 2253 1167 2346 possint
1191 2252 1261 2322 dari
1280 2250 1429 2346 regule:
1460 2250 1553 2342 quod
1578 2249 1782 2339 dolendum,
1814 2276 1890 2326 cum
1912 2255 1984 2329 haec
2006 2257 2069 2331 do·

539 2355 640 2426 ctrina
661 2353 819 2425 utilissima
833 2352 919 2424 soret
941 2356 974 2425 in
991 2350 1239 2444 horologiorum
1255 2347 1407 2439 pendulis
1422 2365 1463 2417 ex
1479 2345 1565 2418 AEre
1591 2343 1626 2417 dt
1652 2345 1755 2422 Ferro
1770 2352 1814 2421 ita
1831 2354 2068 2447 temperandis,
2117 2443 2122 2454 ι

541 2469 579 2522 ut
600 2470 673 2522 toto
694 2452 769 2522 anni
795 2449 931 2522 decursu
953 2451 1079 2541 semper
1097 2445 1199 2516 essent
1218 2464 1314 2537 aeque
1331 2443 1450 2540 longa:
1474 2443 1715 2535 Expanhonem
1732 2445 1827 2519 Ferri
1846 2449 1889 2522 ad
1909 2472 1981 2523 eam
1998 2452 2071 2526 Cu·

540 2550 591 2642 pri
622 2546 715 2619 Nob.
748 2546 896 2620 Caffinus
929 2548 950 2642 (
964 2548 1011 2641 b)
1044 2545 1167 2616 invenit
1191 2545 1237 2613 uti
1272 2562 1327 2613 ro.
1350 2541 1392 2611 ad
1422 2561 1476 2635 ¹7·
1500 2541 1552 2614 vel
1587 2560 1645 2634 27.
1668 2543 1712 2614 ad
1735 2545 1794 2635 46.
1819 2547 1928 2638 postto
1948 2548 2070 2623 eodem

540 2645 679 2732 calore,
712 2645 754 2716 de
785 2647 1019 2717 observationis
1047 2640 1255 2712 accuratione
1276 2659 1346 2708 non
1367 2635 1414 2707 est
1436 2638 1675 2726 dubitandum,
1705 2643 1828 2713 etiamsi
1852 2665 1927 2716 cum
1952 2646 2070 2720 nostris

541 2744 771 2832 experimentis
792 2765 860 2814 non
884 2740 982 2833 plane
1006 2738 1229 2810 conveniant:
1266 2732 1357 2806 Nam
1393 2732 1621 2808 rarefauiones
1652 2737 1838 2828 pendente
1866 2746 1994 2814 raritate
2016 2743 2071 2818 uel

542 2836 698 2908 densitate
721 2838 865 2911 metalli:
900 2836 990 2910 Mihi
1020 2853 1130 2908 autem
1157 2833 1192 2904 in
1216 2849 1407 2922 pyrometro
1437 2852 1532 2902 nouae
1555 2835 1751 2906 inventionis
1770 2833 1938 2907 obseruare
1962 2843 2071 2910 conti,

543 2936 610 3031 git,
636 2933 689 3004 fila
713 2933 883 3006 Metallica
904 2952 1028 3004 tantum
1053 2930 1145 3010 fusa,
1175 2926 1210 2995 6.
1232 2923 1371 3015 pollices
1395 2924 1521 3020 longa,
1553 2927 1588 2997 in
1616 2948 1700 3018 aqua
1723 2928 1898 3002 ebulliente
1915 2933 2069 3031 longiora

543 3029 671 3101 euasisse
694 3030 760 3099 hoc
786 3028 901 3100 modo.
959 3024 1134 3098 Plumbum
1162 3019 1242 3110 164.
1265 3041 1315 3116 gr.
1348 3019 1503 3092 Staunum
1533 3043 1612 3112 124.
1648 3024 1715 3098 AEs
1737 3025 1860 3100 fulvum
1883 3027 2070 3123 Japonense

398 3179 400 3186 .
547 3123 606 3213 84.
631 3144 680 3220 gr.
705 3121 772 3194 AEs
795 3121 919 3195 fulvum
945 3122 1146 3192 barbaricum
1163 3117 1222 3190 81.
1246 3114 1457 3186 Orichalcum
1481 3138 1541 3209 92.
1566 3120 1703 3194 Ferrum
1727 3143 1785 3218 73.
1812 3124 1993 3216 Chalybem
2009 3129 2069 3224 67.

542 3217 633 3292 Cum
657 3238 736 3293 vero
760 3217 898 3292 Metalla
915 3217 1044 3292 suerent
1068 3213 1167 3286 aaut
1181 3233 1241 3305 per
1263 3212 1351 3284 idem
1367 3210 1536 3304 foramen,
1562 3216 1790 3294 raresaiiiones
1810 3226 1844 3294 in
1865 3227 1962 3318 taqua
1976 3227 2070 3302 ebul.

592 3546 625 3650 ς.
650 3548 862 3626 MDXXXL
896 3554 1050 3650 Corpora
1083 3556 1175 3632 firma
1202 3557 1316 3635 sossiiia
1338 3559 1518 3656 speciemm
1547 3559 1739 3637 diversarum
1765 3564 1807 3637 ab
1842 3565 1961 3641 eodem
1996 3570 2074 3667 igne

546 3669 617 3723 non
639 3671 733 3741 eque
754 3651 903 3725 celeriter
921 3652 1045 3726 dilatari
1072 3657 1249 3748 incipiunt:
1273 3663 1357 3732 inter
1379 3659 1510 3734 metalla
1529 3661 1674 3734 citissime
1698 3662 1805 3738 raresrt
1827 3664 2002 3755 stannum,
2027 3665 2074 3739 se·

548 3748 660 3840 quitur
683 3747 881 3836 Plumbum,
907 3768 976 3860 tum
990 3754 1194 3841 Argentum,
1219 3752 1447 3868 orichalcum,
1471 3756 1539 3826 AEs
1559 3758 1707 3868 sulcum,
1730 3761 1902 3832 tardissime
1923 3764 2073 3880 Ferrum.

549 3841 1649 4034 ffigaevglerffinctilizsvaiggennggrdamffinwffiqzagffifflnmef
1665 3857 2076 4038 rffilrhsntcrorthhrmafavcalr:

548 4036 597 4206 [ἐξ
620 4035 765 4208 galterium
806 4033 989 4126 firmitate,
1034 4033 1262 4127 coherentia,
1300 4037 1592 4132 conformatione,
1633 4044 1835 4137 porositate,
1880 4052 2080 4146 magnitudi-

599 4253 631 4355 s.
666 4253 895 4331 MDXXXll.
930 4254 1012 4354 Quo
1038 4278 1179 4351 corpore
1209 4259 1325 4360 frigida
1356 4261 1431 4355 plus
1461 4263 1503 4336 ab
1529 4267 1606 4362 igne
1632 4263 1766 4356 distant,
1791 4287 1836 4340 eo
1861 4270 1969 4342 minus
1991 4274 2080 4346 inca·

549 4356 698 4470 lescunt,
723 4377 792 4446 quo
817 4356 885 4521 iglui
910 4359 1084 4474 propiora,
1110 4360 1212 4454 magis
1236 4361 1452 4476 incalescunt:
1478 4361 1636 4436 decrescit
1661 4384 1769 4437 autem
1798 4367 1845 4480 uis
1870 4365 2080 4488 calefaciendi

553 4451 836 4643 :irtetgaxtirtotzessup
860 4469 931 4523 cata
955 4453 1172 4530 mandarum
1200 4453 1241 4526 ab
1269 4478 1370 4554 agne,
1394 4473 1431 4529 ut
1460 4455 1634 4535 Brunellus
1662 4461 1829 4537 nonnullis
1853 4485 2083 4560 experrmenus

1990 4661 2085 4735 Idem

623 4835 684 4916 (l)
704 4837 829 4914 Voyage
850 4857 887 4900 aa
907 4841 1002 4904 Perou
1021 4845 1112 4906 Tum.
1134 4861 1163 4906 2.
1185 4861 1244 4925 pag
1274 4850 1323 4911 86.

625 4918 682 4996 (b)
703 4915 871 4978 L'Hillolte
894 4918 931 4979 de
954 4922 1067 4983 l’ncad.
1092 4924 1172 5003 Ruy.
1196 4928 1252 4984 Αο.
1271 4939 1360 4999 174¹·
1387 4942 1454 5011 pag.
1469 4931 1542 5007 ⁴⁸9«

622 4995 681 5077 (c)
700 4995 900 5064 mmmm.
921 4998 1038 5066 Bonna
1061 5002 1132 5070 Vel.
1156 5018 1186 5072 a.
1204 5017 1274 5086 pag.
1298 5008 1369 5080 2⁶⁸·-
