4992 6767
699 707 1047 803 HUMORE'S
1084 708 1173 801 ET
1209 708 1303 802 DE
1339 707 1648 801 VI'SIONE.
1839 736 1926 822 777

399 908 569 1006 dispoliata
593 907 826 983 subobscumm
847 908 1044 1005 ingrediatur
1066 909 1207 1001 locum,
1234 907 1299 1000 jam
1321 931 1422 1003 pauca
1450 908 1506 979 lux
1528 903 1729 995 objedlorum
1754 907 1922 1001 angustant

393 1008 718 1199 ollibus&
743 1000 1922 1194 labilibus?tlatafflumlllllaullaullaulla

702 1154 713 1174 ·
1766 1148 1780 1185 a

398 1203 455 1278 lox
480 1202 690 1274 vehementer
717 1202 889 1271 nitentium
920 1196 1131 1292 objectorum
1162 1221 1204 1271 ex
1232 1156 1336 1275 nexilis
1366 1199 1564 1283 evolaverit,
1601 1194 1725 1267 fibrillae
1753 1198 1787 1266 in
1818 1198 1922 1266 retina

398 1302 599 1391 quieverint:
620 1299 686 1392 jam
712 1299 820 1369 minus
843 1299 1013 1369 nitentium
1039 1318 1214 1388 corporum
1246 1298 1301 1369 lux
1334 1296 1559 1388 amplificatam
1585 1293 1786 1383 pedetentim
1811 1290 1921 1384 pupil-

398 1397 464 1470 latn
488 1416 652 1487 permeat,
676 1415 770 1468 mens
791 1393 996 1465 mollioribus
1019 1396 1129 1464 retinae
1151 1392 1381 1466 affedlionibus
1399 1391 1563 1477 assuescit,
1590 1390 1628 1465 dc
1651 1410 1719 1481 quo
1742 1388 1863 1461 diutius
1884 1391 1920 1461 in

399 1494 542 1566 renebris
561 1493 743 1576 versamur,
767 1489 961 1562 subobscura
983 1492 1107 1562 acutius
1130 1492 1278 1563 videmus
1303 1488 1446 1584 objedtn.

455 1609 505 1661 2⁰·
529 1589 584 1661 An
614 1612 682 1662 non
704 1588 761 1680 qni
786 1589 820 1657 in
845 1588 985 1657 tenebris
1011 1585 1204 1658 constitutus
1228 1587 1324 1658 facile
1352 1609 1411 1658 eos
1435 1586 1547 1668 videt,
1581 1586 1637 1676 qui
1660 1586 1694 1655 in
1712 1586 1828 1674 aprico
1850 1601 1922 1655 ver·

399 1688 525 1771 santur,
549 1706 625 1756 cum
645 1690 716 1759 vice
737 1682 825 1756 versa
847 1683 890 1753 ab
912 1682 962 1752 hia
985 1706 1053 1754 non
1077 1685 1226 1755 videtur?
1257 1687 1333 1775 quia
1357 1684 1437 1755 lucis
1457 1683 1632 1774 plurimum
1656 1682 1697 1751 ab
1721 1682 1758 1749 iis
1786 1678 1921 1750 reflexae

399 1784 534 1874 recipit:
566 1782 750 1873 paucifflma
773 1800 850 1851 vero
875 1778 929 1849 lux
953 1781 994 1850 ab
1017 1801 1060 1849 eo
1081 1781 1121 1851 ad
1146 1780 1226 1852 alios
1249 1780 1404 1870 replicata
1431 1779 1536 1850 multo
1568 1776 1670 1849 lenius
1698 1776 1833 1847 retinam
1856 1773 1925 1846 affi-
2049 1843 2058 1848 .

397 1881 465 1966 cit,
489 1900 588 1970 quam
608 1881 671 1951 alia
693 1873 825 1971 objecit
846 1877 879 1948 in
899 1879 1011 1967 aprico
1031 1877 1161 1968 posta,
1194 1877 1319 1949 idcirco
1347 1897 1440 1949 mens
1464 1875 1505 1946 ad
1531 1877 1664 1971 exiguas
1697 1870 1922 1945 concussiones

398 1997 468 2049 non
491 1976 639 2047 attendit.

451 2092 500 2164 3⁰.
526 2071 626 2143 Unde
648 2070 726 2144 radii
747 2067 914 2156 laterales,
938 2073 995 2161 qui
1018 2070 1118 2142 oculo
1139 2074 1359 2153 conniventi,
1390 2090 1445 2142 aut
1469 2070 1681 2161 lacrymanti,
1706 2065 1845 2139 flammae
1861 2086 1917 2135 ex·
1959 2118 2025 2169 m.

398 2170 509 2241 tremis
529 2167 748 2240 adhaerescere
777 2162 1176 2263 &spectatorem-,versus
1196 2172 1303 2262 vagari
1326 2167 1505 2240 videntur?
1539 2170 1605 2239 hoe
1629 2167 1760 2260 egregie
1784 2153 2022 2256 expedi-xant:

395 2267 441 2337 vlt
462 2264 504 2335 de
529 2265 560 2334 la
584 2261 696 2335 Hirius
714 2264 816 2358 (a),
840 2263 967 2334 ostenso
991 2264 1082 2332 simul
1105 2263 1266 2333 Robaulti
1295 2283 1420 2332 errore:
1442 2266 1483 2332 sit
1506 2265 1533 2333 B
1558 2261 1713 2339 candela,
1739 2259 1808 2330 HH
1834 2250 1983 2331 &11³sp
2001 2258 2027 2304 ¹⁴

397 2361 581 2453 palpebra,
606 2382 680 2449 quae
705 2364 741 2428 in
763 2356 971 2427 connivendo
994 2356 1083 2426 oculi
1107 2355 1279 2427 humorem
1301 2357 1505 2452 abstergent3
1536 2358 1659 2428 ‘humor
1681 2354 1845 2427 collectus
1866 2356 1923 2426 ad·

398 2458 577 2529 haereseens
601 2453 703 2523 oculo
731 2449 767 2520 a
789 2452 953 2541 palpebra
977 2452 1117 2542 speeiem
1139 2452 1279 2546 Trigoni
1311 2452 1453 2544 sphaerici
1479 2455 1626 2539 sonnat,
1659 2451 1713 2523 sed
1741 2450 1924 2543 superficie-

400 2574 473 2625 rum
500 2568 738 2620 concavaruma
771 2547 858 2617 dum'
875 2546 930 2618 lua
953 2546 1097 2617 candelae
1127 2551 1160 2620 in
1191 2548 1375 2644 Trigonum
1409 2550 1578 2641 superioris
1599 2549 1765 2642 palpebre
1788 2547 1923 2634 incidit,

401 2646 615 2738 refringitur,
646 2638 788 2714 &inter
812 2640 847 2712 D
871 2638 906 2712 dc
931 2642 960 2712 L
985 2643 1162 2732 explicatur
1191 2643 1283 2737 supra
1306 2648 1470 2732 retinam,
1503 2646 1601 2717 ueluti
1622 2669 1643 2717 a
1665 2648 1817 2739 prlsrnate
1840 2646 1923 2717 radii

402 2739 533 2815 restabii
559 2739 736 2832 oblongam
755 2742 928 2834 imaginem
955 2739 1114 2809 sonnant:
1139 2760 1237 2828 quare
1268 2743 1399 2835 imagini
1420 2743 1564 2812 candelae
1584 2742 1676 2835 supra
1697 2745 1835 2813 retinam
1859 2744 1922 2814 vir-

402 2859 444 2934 ga
470 2835 547 2908 DL
570 2834 784 2918 adhaerescet,
809 2857 882 2925 quae
906 2855 1059 2927 exparte
1083 2834 1224 2906 inferiori
1247 2836 1416 2922 candelae,
1450 2835 1485 2907 dt
1509 2837 1640 2928 quidem
1670 2857 1712 2906 ex
1735 2836 1818 2906 ΒΜ
1838 2836 1926 2928 judi·

400 2934 528 3002 cabitur
551 2931 738 3023 provenire:
763 2934 807 3000 ita
828 2950 961 3021 quoque
982 2932 1025 3001 ab
1051 2931 1189 3001 humore
1210 2932 1252 3001 ad
1278 2932 1292 3001 l
1318 2932 1397 3002 radii
1420 2933 1621 3025 explicantur
1640 2934 1724 3005 inter
1749 2931 1783 3003 X
1808 2928 1842 3003 ἃ
1867 2931 1926 3023 Κ,

401 3029 459 3119 qui
484 3048 525 3098 ex
549 3024 621 3097 BN
646 3025 841 3097 videbuntur
863 3029 1059 3118 provenire:
1092 3026 1381 3119 ideo'int'erpolito
1410 3029 1580 3099 obstaculo
1605 3028 1661 3113 P,
1699 3031 1926 3121 intercipiente

400 3123 507 3196 radios
532 3121 677 3193 candelae
702 3120 906 3215 superiores,
938 3124 1028 3217 virga
1059 3119 1136 3191 DL
1167 3124 1359 3207 evanescit,
1393 3121 1455 3196 five
1485 3144 1623 3215 pereunt
1649 3124 1728 3194 radii
1753 3124 1852 3196 BM:
1876 3125 1925 3196 est

399 3240 509 3292 atrtem
532 3218 698 3312 coplofior
724 3217 842 3288 humor
864 3218 906 3287 ad
939 3218 1109 3311 palpebras
1141 3213 1217 3289 HH
1243 3213 1278 3288 &
1303 3216 1343 3288 ΙΙ
1376 3220 1410 3289 ia
1445 3218 1547 3291 oculo
1576 3220 1801 3311 lacrymante,
1833 3220 1923 3293 unde

401 3338 470 3389 tum
492 3314 736 3410 phaenomenon
761 3313 935 3385 sensibilius
959 3315 1016 3385 eli.

449 3434 501 3504 4·.
522 3411 600 3485 Cur
622 3410 749 3481 fricanti
779 3431 836 3482 aut
864 3413 1024 3502 prementi
1052 3409 1184 3483 oculum
1212 3414 1246 3483 in
1276 3414 1418 3486 tenebris
1447 3436 1600 3507 apparent
1625 3418 1713 3487 exire
1746 3413 1921 3487 scintillae?

399 3534 443 3594 an
463 3511 631 3597 nunquia
655 3506 796 3577 fluidum
819 3504 1045 3589 eledlticum,
1074 3507 1165 3597 quod
1188 3508 1345 3579 delitescit
1375 3512 1408 3581 in
1432 3511 1526 3581 oculi
1557 3512 1768 3597 humoribus,
1793 3511 1875 3583 susci
1908 3550 1923 3568 ·

401 3630 475 3690 tur,
499 3606 623 3691 suaque
648 3603 721 3671 luce
740 3599 896 3693 prodiens
920 3604 1055 3670 retinam
1079 3600 1198 3670 afficit?
1874 3633 1892 3660 .

452 3722 506 3793 5⁰·
531 3699 603 3770 Cur
622 3696 701 3766 sime
725 3699 934 3766 tormentario
958 3695 1109 3780 incenso,
1135 3691 1224 3768 &in
1249 3698 1364 3771 orbem
1388 3700 1545 3774 velociter
1567 3705 1664 3794 adio,
1688 3702 1829 3773 circulus
1853 3722 1923 3775 me·

403 3820 441 3872 re
468 3800 583 3893 igneus
611 3791 841 3883 conspicitur?
873 3794 948 3882 quia
981 3794 1091 3861 retina
1114 3793 1308 3865 medullares
1339 3802 1555 3868 extremitates
1582 3798 1678 3870 inllar
1702 3798 1768 3868 villi
1797 3805 1924 3891 promi·

385 3915 502 3978 nent,
527 3894 697 3986 pigmento
721 3890 753 3959 ni
792 3890 1057 3958 oincunrbentes
1080 3887 1142 3959 five
1164 3887 1294 3961 humori
1319 3893 1495 3965 undiuoso:
1530 3899 1746 3967 extremitates
1769 3896 1820 3967 hae
1845 3916 1922 3970 ner·
2111 3968 2115 3978 ,

400 4013 469 4064 veae
495 3990 517 4061 i
537 3987 610 4057 luce
632 4004 738 4054 conca
764 4005 792 4052 ae
812 3982 1007 4074 aliquamdlu
1031 3987 1303 4070 contremiscunt3
1327 3992 1522 4061 tremoribus
1544 3991 1791 4081 perdurantibus
1823 4014 1918 4067 meus
2048 3995 2075 4072 “.

398 4086 561 4168 afficitur,
594 4079 630 4152 ἃ
654 4079 777 4150 tamdiu
796 4079 885 4151 videt
914 4077 1102 4170 objedlum:
1136 4081 1316 4151 verosimile
1348 4085 1394 4154 est
1421 4105 1578 4177 tremores
1604 4087 1709 4175 'spatio
1734 4077 1849 4159 minuti
1872 4089 1921 4157 se·
2066 4145 2072 4163 .

399 4183 498 4255 cundi
521 4180 662 4262 durare,
694 4195 794 4267 prout
813 4196 854 4246 ex
874 4175 1100 4245 observatione
1130 4175 1172 4244 de
1193 4174 1391 4261 coloribus,
1423 4201 1442 4249 a
1471 4177 1577 4270 pressu
1602 4180 1751 4275 digiti-in
1777 4185 1920 4254 tenebris
2055 4168 2063 4180 ’

401 4278 544 4351 odundis
558 4273 724 4369 *cossigere
746 4271 838 4342 licet:
869 4271 893 4342 st
920 4273 1016 4366 igitur
1037 4269 1150 4352 fiunis,
1184 4268 1276 4360 cujus
1297 4272 1431 4345 alterurn
1460 4294 1642 4345 extremum
1665 4274 1711 4345 eli
1732 4276 1921 4366 incensum,

378 4375 482 4447 adeo
512 4372 624 4463 rapide
648 4373 738 4441 circa
765 4368 901 4440 alterum
925 4387 1109 4437 extremum
1138 4368 1392 4463 circumagatur,
1424 4392 1461 4443 ut
1491 4374 1573 4443 intra
1609 4374 1770 4444 minutum
1807 4373 1919 4449 secun·

400 4470 478 4542 darm
501 4468 644 4541 absolvat
673 4487 816 4561 gyrum,
847 4466 903 4537 lux
926 4485 968 4536 ex
989 4486 1032 4535 eo
1058 4463 1168 4534 emissa
1196 4467 1231 4535 in
1252 4466 1396 4555 quodam
1428 4468 1541 4543 circuli
1571 4473 1722 4562 pundio,
1753 4469 1917 4562 quendam

397 4566 568 4639 nerrulum
590 4567 624 4635 in
646 4563 747 4635 oculo
773 4565 918 4634 concitat
938 4564 972 4633 in
999 4581 1181 4648 tremores,
1216 4561 1272 4632 lux
1293 4565 1326 4635 in
1357 4563 1424 4636 alio
1447 4567 1559 4638 circuli
1578 4570 1700 4659 pundo
1719 4568 1817 4639 alium
1843 4589 1917 4641 net·

397 4682 478 4740 vum
500 4664 617 4758 agitat,
642 4658 697 4729 sed
718 4657 846 4730 rediens
868 4658 911 4729 ad
927 4660 1017 4752 prius
1039 4659 1151 4732 circuli
1173 4662 1356 4755 pandum,
1387 4665 1530 4757 priorem
1554 4685 1688 4741 nervum
1715 4667 1819 4742 rursus
1846 4667 1917 4741 alli·

1827 4767 1915 4853 ciet,

475 4945 535 5033 (a)
553 4944 717 5015 nenena
735 4893 982 5036 annemundo
1000 4968 1071 5039 pag.
1090 4968 1160 5037 aar.

1183 5063 1251 5171 Ga
1273 5086 1326 5170 aa
1348 5089 1392 5171 t.
