4992 6767
546 699 632 787 794
927 663 1682 765 nroernrcn

542 893 618 955 ,non
638 890 756 944 omnes
778 874 813 943 in
835 872 957 967 puncio
972 870 1045 963 poli
1067 868 1186 940 lenrem
1201 885 1420 950 concurrunt,
1446 866 1499 937 sed
1514 870 1548 940 in
1562 864 1709 950 divems,
1734 866 1950 957 quamobrem
1964 871 2080 949 minus-

549 967 699 1042 dissrnua
721 967 756 1041 δι
779 966 864 1041 clara
879 969 925 1038 est
941 964 1066 1060 objecti
1086 968 1211 1062 imago:
1237 965 1291 1035 hic
1313 986 1403 1034 error
1416 967 1450 1036 in
1467 966 1629 1036 radiorum
1647 964 1776 1038 tranlitu
1797 987 1858 1056 pet
1874 966 1978 1041 lentes
1993 991 2079 1043 ocu·

548 1067 630 1138 lares
643 1087 799 1163 augetur,
816 1065 1091 1157 quemadmodum
1114 1063 1206 1153 supra
1226 1060 1398 1150 aliquoties
1411 1064 1544 1145 monui,
1569 1084 1644 1133 cum
1661 1060 1931 1135 focusradiomm
1948 1087 2017 1139 non
2037 1070 2078 1140 stt

548 1167 733 1255 punctum,
759 1164 812 1235 sed
829 1161 996 1245 circellus',
1022 1158 1057 1231 da
1079 1159 1173 1229 focus
1197 1161 1229 1228 in
1253 1158 1360 1247 aliqua
1375 1157 1578 1253 longitudine
1591 1160 1792 1230 extendatur.
1845 1162 1911 1234 Sed
1932 1168 2008 1254 quia
2024 1187 2078 1238 ra·

549 1261 595 1331 dii
616 1282 675 1350 per
697 1261 800 1331 lentes
828 1258 1033 1329 secernuntur
1056 1260 1091 1326 iu
1107 1253 1259 1337 colores,
1285 1251 1320 1323 dt
1343 1255 1476 1343 quidem
1497 1254 1680 1340 clarillima,
1705 1257 1839 1347 quando
1863 1254 1957 1330 focus
1978 1261 2079 1334 lentis

550 1358 692 1428 ocularis
721 1360 875 1448 ponitur,
902 1354 958 1424 ubi
978 1355 1020 1423 ab
1045 1349 1207 1442 objeciim
1228 1350 1265 1420 fit
1287 1351 1462 1423 concursus
1487 1352 1647 1423 radiorum
1670 1357 1889 1427 aurantiorum
1914 1351 1949 1427 dt
1971 1356 2080 1430 flavo·

551 1475 644 1540 rum,
667 1457 724 1544 qui
746 1449 960 1547 fulgentiffimi
987 1450 1079 1531 sunt,
1105 1446 1139 1517 ba
1165 1445 1366 1539 objeciorum
1389 1447 1518 1520 colores
1545 1452 1650 1519 minus
1672 1448 1731 1520 suo
1747 1451 1889 1523 candore
1912 1475 2052 1526 mutent.

598 1548 784 1644 Quodlibet
809 1568 916 1618 tamen
935 1542 1059 1638 objedli
1083 1542 1245 1632 puneeum
1261 1547 1295 1616 in
1311 1544 1390 1615 foco
1407 1548 1453 1618 ibi
1468 1544 1586 1618 format
1601 1547 1790 1635 circellum,
1814 1549 1904 1641 cujus
1919 1551 2077 1625 diameter

547 1694 594 1767 est
617 1663 686 1821 ἐς
709 1694 855 1765 diametri
872 1713 1028 1793 aperturae
1045 1696 1078 1764 in
1096 1690 1205 1777 lente,
1230 1693 1287 1782 qui
1301 1690 1448 1764 circellus
1464 1692 1562 1764 habet
1577 1690 1768 1765 diametrum
1783 1695 1955 1788 plusquam
1970 1698 2083 1791 duplo·

547 1845 708 1914 minorem
732 1844 821 1937 grani
843 1861 967 1927 arenae,
993 1839 1095 1931 pofitl
1117 1838 1212 1909 lentis
1233 1840 1380 1926 aperturi
1405 1842 1501 1911 unius
1525 1838 1677 1929 pollicis:
1698 1840 1773 1912 ideo
1788 1841 1939 1934 objedin,
1956 1834 1999 1920 ΙΤ
2015 1866 2072 1916 ee·

548 1939 661 2032 scopio
682 1936 845 2029 inperia,
869 1937 1035 2010 coloribus
1051 1933 1155 2011 tineis
1167 1932 1317 2009 cindlave
1339 1957 1493 2027 apparere
1508 1936 1622 2007 solem.
1657 1932 1720 2007 His
1741 1940 1824 2009 viriis
1844 1941 1979 2031 aliisque
1995 1941 2069 2033 plu·

549 2039 665 2118 ribus,
699 2057 772 2125 qua
796 2057 815 2106 a
838 2033 988 2125 sphaerica
1012 2037 1144 2104 lentium
1164 2034 1266 2129 figura
1287 2035 1464 2119 oriuntur,
1497 2035 1543 2104 uti
1571 2031 1662 2123 lupta
1685 2034 1821 2106 vidimus
1839 2037 1873 2106 in
1896 2035 1930 2125 ς.
1962 2057 2074 2129 1793.

548 2132 689 2206 deteffls
713 2131 805 2204 Nob.
831 2130 1018 2202 Newronus
1039 2129 1232 2220 Telescopia
1251 2129 1456 2214 emendavit,
1469 2151 1531 2219 pro
1546 2127 1714 2218 dioptricis
1731 2128 1975 2221 Catadioptrica
1995 2136 2074 2205 liab-

548 2230 701 2315 stituens,
725 2228 768 2299 de
790 2227 908 2319 quibus
931 2230 965 2296 in
991 2230 1143 2316 proximo
1166 2225 1301 2317 Capite:
1327 2246 1401 2295 nam
1422 2228 1586 2300 inuenemt
1605 2224 1709 2296 radios
1729 2228 1836 2298 omnis
1856 2232 1987 2322 generis
2002 2231 2066 2299 sub

549 2325 666 2416 aequali
690 2323 834 2419 angulo,
857 2344 896 2393 ae
917 2322 1114 2407 inciderant,
1139 2345 1157 2392 a
1184 2320 1321 2412 speculis
1347 2322 1449 2392 reddi.

578 2419 769 2492 Mirandum
782 2420 849 2503 est,
866 2442 927 2490 nos
941 2440 1007 2509 ope
1023 2417 1292 2508 Telescopiorum
1310 2417 1544 2507 dioptricorttm
1563 2418 1669 2491 adbuc
1682 2416 1790 2488 videre
1804 2416 1892 2509 polle
1908 2418 2066 2512 objedia,

545 2520 614 2590 imo
631 2520 741 2610 potius
755 2514 925 2605 distincla,
952 2537 1049 2605 quam
1060 2514 1209 2586 confusa:
1226 2516 1318 2604 quod
1332 2517 1516 2611 contingit,
1533 2520 1609 2607 quia
1624 2515 1704 2586 radii
1719 2516 1901 2589 aberrantes
1916 2538 1983 2587 non
1998 2520 2064 2589 dis-

548 2615 733 2686 tribuuntur
742 2613 945 2685 uniformiter
952 2610 1044 2702 supra
1060 2632 1165 2683 totum
1180 2611 1367 2694 circellum,
1393 2610 1447 2681 secl
1463 2631 1660 2684 concurrunt
1676 2611 1781 2681 multo
1794 2611 1922 2684 dendus
1937 2615 1971 2683 in
1990 2635 2068 2684 cen·

547 2730 619 2796 tro,
644 2733 742 2803 quam
764 2714 798 2781 in
818 2711 888 2781 aliis
910 2708 1031 2782 circelli
1051 2709 1215 2798 partibusa
1240 2730 1315 2778 nam
1338 2729 1356 2777 a
1377 2729 1490 2780 centro
1512 2710 1554 2780 nd
1576 2708 1789 2801 peripheriam
1806 2705 1888 2780 fiunt
1908 2712 2071 2780 continuo
2115 2796 2118 2800 ¹
2157 2768 2158 2772 ,

428 2850 432 2867 ·
546 2805 706 2896 rariores,
724 2801 815 2879 ¹adeo
840 2827 876 2879 ut
898 2805 944 2877 illi
969 2807 1029 2876 rari
1047 2804 1164 2876 oculos
1180 2808 1232 2876 vix
1247 2803 1406 2897 afficiant,
1430 2806 1499 2876 aliis
1517 2809 1550 2878 in
1565 2827 1680 2879 centro
1696 2803 1917 2877 vehementius
1930 2827 2073 2899 operata.-

546 2904 652 2977 tibua:
676 2902 793 2978 horum
810 2924 876 2996 ope
889 2898 1022 2995 objecit
1041 2905 1213 2973 cemimus.

604 3028 637 3127 d.
670 3022 1000 3106 MDCCCCLXII.
1031 3022 1256 3114 Nihilominus
1287 3023 1389 3095 Anno
1427 3045 1439 3094 r
1447 3027 1530 3118 758.
1556 3013 1708 3098 Dollond
1735 3023 1815 3121 (a)
1848 3028 1971 3098 invenit
1993 3005 2071 3119 poli
2140 3038 2146 3048 ·

547 3128 669 3200 multos
694 3125 822 3196 labores
850 3119 1041 3190 methodum
1064 3136 1261 3192 memoratos
1286 3118 1556 3211 Telescopiorum
1579 3124 1815 3213 dioptricorum
1837 3121 1981 3194 defedlm
2002 3122 2073 3204 tol·

546 3222 652 3292 leudi:
677 3239 753 3289 cum
775 3218 863 3286 enim
887 3236 987 3285 omne
1009 3234 1112 3307 genus
1135 3218 1206 3285 vitri
1227 3212 1309 3285 lucis
1331 3217 1438 3287 radios
1454 3241 1522 3290 non
1539 3219 1722 3310 parimodo
1747 3208 1917 3315 refiingat,
1943 3241 2004 3292 nec
2018 3243 2072 3292 ra·

547 3317 612 3400 dii,
635 3315 692 3404 qui
712 3312 938 3399 transivemnt,
965 3307 1000 3378 dt
1022 3312 1117 3380 unius
1131 3309 1252 3381 coloris
1265 3309 1356 3398 sunt,
1380 3316 1545 3405 aequaliter
1561 3316 1751 3410 diuergunt,
1777 3317 1852 3386 ideo
1873 3315 2073 3392 licetineo·

546 3410 685 3485 mandem
710 3408 872 3479 radiomm
897 3406 1025 3477 tmnsrtu
1049 3428 1108 3498 per
1130 3407 1217 3478 aliud
1239 3410 1384 3481 medium
1399 3410 1553 3485 refradiio
1576 3411 1726 3495 tollatur,
1750 3435 1818 3483 non
1842 3434 1949 3484 tamen
1964 3413 2070 3486 diver·

546 3506 830 3604 gentiamdiorum
843 3503 1064 3576 coloratorum
1085 3504 1181 3596 plane
1204 3503 1323 3577 sublata
1339 3507 1403 3580 eli:
1430 3511 1573 3601 qualivit
1599 3512 1696 3604 igitur
1715 3506 1866 3580 Dollond
1888 3510 1957 3581 duo
1971 3531 2074 3604 gene·

546 3626 602 3688 vra
622 3603 725 3676 diersa
747 3605 842 3684 vitri,
865 3624 939 3695 quae
954 3603 1200 3693 quodaminodo
1226 3601 1284 3674 fibi
1298 3605 1468 3697 impolita,
1493 3604 1528 3679 δι
1551 3607 1773 3678 refradiionem
1797 3607 1957 3677 radiorum
1975 3607 2071 3678 &di-

546 3706 745 3800 vergentiam
774 3700 914 3781 tollunt,
947 3700 1032 3769 adeo
1056 3720 1091 3770 ut
1114 3701 1192 3770 radii
1217 3719 1445 3774 transmeantes
1470 3727 1537 3775 non
1562 3704 1699 3793 amplius
1720 3702 1857 3773 colorati
1876 3723 2071 3793 appareant:
2152 3761 2155 3766 .

546 3821 704 3894 praeterea
732 3797 853 3866 lentem
881 3791 1077 3881 objeeeivam
1099 3794 1176 3861 facit
1198 3796 1239 3862 ab
1263 3817 1404 3866 extrema
1429 3820 1518 3886 parte
1546 3800 1694 3887 planam,
1728 3801 1770 3869 ab
1793 3802 1936 3870 interiori
1950 3819 2073 3870 conca·

547 3917 621 3967 vam
645 3914 686 3964 ex
708 3895 792 3961 vitro
812 3889 912 3968 albo,
936 3906 977 3956 ex
1000 3907 1069 3978 quo
1091 3887 1231 3981 vulgaria
1248 3886 1440 3980 Telescopia
1456 3892 1614 3963 fabrefieri
1633 3892 1755 3963 solent:
1780 3896 1873 3981 euius
1897 3894 1989 3965 focus
2008 3917 2076 3988 pro

520 3986 748 4076 ¹Telescopio
784 4004 817 4076 3.
842 3983 989 4076 pedum,
1021 3981 1069 4053 est
1094 4004 1164 4068 r-a,
1198 3983 1233 4054 6.
1257 3984 1339 4075 poll.
1363 3986 1439 4057 huic
1460 3991 1651 4060 concavitati
1673 3992 1825 4081 congruit
1846 3990 1977 4059 alterius
1999 3993 2076 4064 vitrl

548 4082 789 4160 coemlescentis
808 4080 879 4152 lens
902 4081 1065 4171 utrimque
1088 4099 1256 4165 convexa,
1279 4077 1372 4173 cujus
1393 4081 1488 4156 focus
1514 4085 1556 4171 8,
1582 4106 1617 4177 9.
1642 4083 1723 4174 poll.
1747 4083 1896 4173 adeoque
1918 4084 1989 4156 lens
2012 4089 2079 4160 ob·

546 4183 662 4280 jediva
684 4182 817 4273 proprie
841 4175 963 4267 duplex
979 4176 1047 4260 est,
1070 4175 1220 4248 constans
1243 4198 1285 4248 ex
1306 4182 1394 4251 vitris
1412 4180 1551 4271 duplicis
1579 4177 1718 4279 generis.
2082 4179 2087 4192 '

597 4280 680 4352 Sunt
701 4275 908 4374 gibbolitates
930 4276 973 4345 itn
993 4292 1217 4365 comparare,
1248 4293 1286 4366 ut
1308 4273 1409 4348 Lucis
1436 4279 1625 4363 aberratio,
1657 4297 1733 4371 quae
1750 4296 1797 4347 ex
1820 4275 1922 4373 figura
1946 4297 2079 4353 cetero-

549 4380 629 4470 quin
651 4378 774 4456 oritur,
798 4373 935 4442 omnino
957 4372 1055 4442 abiit:
1088 4367 1503 4468 hocpadto-obJ‘eiiomm
1523 4378 1680 4473 imagines
1705 4377 1739 4445 in
1765 4371 1844 4445 foco
1864 4377 1977 4446 harum
2002 4377 2079 4450 len·

551 4477 632 4544 tium
653 4467 888 4564 objediivarum
904 4488 1059 4560 apparent
1083 4468 1167 4539 adeo
1194 4467 1369 4554 diliindiae,
1393 4493 1432 4542 ac
1457 4474 1491 4543 in
1518 4472 1719 4565 Telescopiis
1741 4469 2010 4561 relledlentibus,
2036 4469 2079 4550 dt

553 4569 677 4660 absque
702 4566 890 4652 coloribus,
916 4569 963 4637 uti
983 4565 1126 4659 jacobus
1148 4563 1267 4638 Scbort
1280 4565 1348 4658 ipse
1366 4567 1551 4642 confitetur.

406 4660 501 4777 unfi-
565 4749 569 4760 Ι
602 4664 680 4737 Post
701 4664 803 4734 lentes
824 4661 1006 4757 objediivas
1032 4682 1200 4755 ponuntur
1223 4665 1369 4755 quinque
1397 4665 1501 4739 lentes
1523 4667 1691 4754 oculares,
1714 4665 1815 4740 veluti
1831 4670 1865 4739 in
1877 4666 2084 4760 Telescopio

404 4758 508 4861 ιῑμξ
555 4763 643 4882 ςιό.
656 4760 798 4833 lentibus
820 4761 986 4833 constante
1001 4763 1034 4832 in
1049 4760 1177 4834 Tabula
1205 4755 1347 4833 XLVII.
1362 4761 1436 4863 Fig.
1456 4788 1490 4839 2.
1504 4762 1675 4862 depiclutu
1695 4763 1758 4841 esta
1788 4764 1853 4841 hoc
1869 4768 1966 4868 igitur
1981 4762 2078 4944 Βοὲί

2017 4883 2040 4941 n

634 4955 698 5042 (ι)
713 4954 822 5025 l’lrllal.
839 4957 945 5025 Trana.
966 4955 1036 5026 val
1060 4972 1110 5038 50·
1128 4963 1203 5041 part
1225 4970 1257 5024 a.
1273 4973 1342 5042 pag.
1364 4972 1434 5066 τῃ.
