4992 6767
549 691 634 804 746
839 670 1417 768 nnsenrerro
1474 669 1782 790 oe-unr,

551 880 616 958 vid
642 878 751 954 Biblia
775 874 893 950 Natur.
918 874 1020 947 Tom.
1049 898 1081 946 2.
1106 894 1181 971 pag.
1209 874 1291 946 880.
1319 866 1354 939 dt
1381 868 1464 961 893.
1511 866 1589 940 Hoc
1607 867 1799 960 operculum
1818 866 2098 974 estcontinuums

552 978 743 1052 extremitati
768 978 886 1048 tunica
911 970 1114 1056 Choroidis,
1138 971 1260 1044 coloris
1282 968 1409 1053 viridis3
1438 967 1538 1038 libere
1554 967 1648 1058 super
1661 965 1915 1039 humorevitreo
1933 965 1969 1041 dt
1988 970 2100 1047 lentee

551 1073 731 1165 crystallina
755 1070 915 1145 flutluare
939 1070 1066 1163 potest,
1092 1066 1127 1139 δι
1151 1071 1191 1139 ab
1218 1069 1278 1137 hac
1299 1086 1391 1156 parte
1415 1065 1592 1162 nigerrimo
1616 1064 1993 1155 undequaquelrtlicitur
2005 1075 2086 1170 pig.

551 1192 675 1246 mento.
726 1168 950 1243 Nihilominus
973 1168 1068 1239 Rana
1096 1166 1176 1236 dnus
1203 1184 1317 1244 tenues
1338 1162 1436 1234 habet
1458 1161 1629 1254 palpebras
1652 1164 1868 1245 exteriores,
1892 1161 1933 1239 dt·
1947 1172 2101 1242 tertiam,

540 1270 610 1344 dub
632 1268 787 1361 palpebra
814 1265 978 1350 inferiori,
1002 1284 1118 1335 omnes
1138 1284 1218 1334 veto
1240 1259 1451 1343 immobiles,
1475 1260 1548 1331 vide
1572 1258 1740 1331 l’llistoire
1761 1258 1804 1329 de
1827 1258 1957 1342 lacau
1981 1264 2087 1358 Roy,

414 1439 416 1444 ,
550 1371 612 1439 Ao.
643 1386 747 1458 1737.
796 1361 867 1459 Qui
897 1361 998 1454 pisces
1029 1360 1094 1431 hoc
1118 1360 1191 1431 velo
1215 1378 1356 1443 carent,
1384 1358 1555 1430 dormiunt
1577 1360 1611 1427 in
1640 1356 1779 1442 dorso,¹
1800 1378 1916 1431 renue
1940 1362 2104 1455 supino„

556 1467 602 1538 uti
628 1462 824 1538 Testudines
849 1479 982 1531 notante
1004 1456 1138 1536 borello
1159 1461 1192 1530 in
1213 1453 1289 1530 Lib.
1313 1455 1355 1526 de
1377 1451 1483 1525 Motu
1502 1454 1647 1526 Animal.

602 1560 808 1651 Papiliones,
834 1555 989 1635 Muscae,
1019 1555 1147 1634 Aranet‘
1167 1550 1202 1623 δι
1226 1552 1329 1622 multa
1348 1551 1466 1624 insecta
1488 1571 1598 1623 carent
1616 1551 1817 1642 palpebris-t·
1839 1554 1918 1630 ideo
1942 1559 2101 1652 pedibusr

552 1658 766 1732 anterioribus
786 1652 822 1726 dt
846 1655 994 1726 antennis
1017 1672 1188 1743 perpetuo.
1204 1649 1365 1722 oculosa
1385 1643 1577 1743 pulveribus
1591 1649 1707 1741 illaplis
1732 1671 1871 1748 purgate
1895 1673 2057 1728 tenentur.

603 1777 633 1876 ἦ.
661 1774 944 1852 MDCCCLlll.
978 1773 1102 1846 bulbus
1135 1773 1224 1846 oculi
1251 1771 1386 1844 humani
1412 1771 1542 1868 globus·
1560 1774 1632 1856 est,
1667 1797 1736 1845 non
1762 1782 2098 1873 tarmen-perfectus,¹

406 1872 632 1985 {nmquis
655 1896 745 1967 parte
771 1872 1033 1964 antenoreo,
1061 1891 1124 1962 qua
1147 1869 1314 1961 pellucet,
1340 1869 1413 1960 plus
1430 1875 1615 1961 prominet;
1642 1893 1714 1961 pars
1730 1871 1980 1970 illa-AA,·quae
1999 1886 2081 1955 Cerr-

434 1951 461 2003 ¹'
495 1956 520 1994 ²⁸
556 2000 618 2052 nea
641 1975 777 2056 dieitur,
803 1973 848 2042 est
871 1969 957 2062 quast
977 1968 1068 2065 globi
1091 1970 1225 2039 minoris
1247 1970 1484 2063 segmentum,
1501 1969 1592 2058 quod
1609 1968 1871 2060 majorirescillo
1887 1975 1947 2047 fuit
1971 2001 2095 2071 appo·-

554 2077 670 2156 litum,
696 2090 932 2160 nonnunquam
962 2064 1135 2162 longitudo
1157 2064 1357 2156 aliquantum
1383 2065 1583 2136 latitudinem
1610 2064 1988 2155 superatazsedllooeuli
2004 2098 2095 2151 ver-1

553 2170 677 2251 riualis,
703 2164 853 2257 parallela
879 2165 922 2236 ad
946 2157 1111 2234 nasum&
1134 2165 1289 2251 occiput,
1315 2159 1360 2231 est
1383 2159 1556 2232 circularis.
1601 2159 2009 2258 Rotundus-ennomus,
2039 2198 2097 2247 ut·

551 2266 704 2342 facillime
718 2267 751 2332 in
767 2259 968 2355 pinguedine
984 2258 1098 2340 molli,
1124 2279 1187 2344 qua
1204 2258 1354 2346 ampliter
1370 2258 1530 2341 ambitur,
1557 2260 1700 2329 converti
1712 2259 1836 2349 pollet,
1860 2259 1895 2334 dt
1910 2268 2075 2363 imagines

553 2363 766 2456 objectorum
785 2360 819 2428 in
844 2355 950 2427 suntlo
972 2356 1074 2450 pingi.
1124 2351 1252 2425 Oculus
1280 2354 1414 2444 aparte
1440 2353 1616 2443 posteriori·
1631 2354 1814 2429 adhaerescit
1824 2370 2097 2456 nervooprico=

552 2460 603 2535 N.
644 2455 757 2527 Totus
776 2453 892 2524 oculus
915 2452 1014 2522 durus
1037 2450 1085 2521 est
1106 2446 1146 2520 dt.
1166 2449 1391 2541 comprellloni
1413 2451 1620 2522 vehementer
1645 2453 1773 2540 relistit,
1798 2474 1865 2526 turn
1888 2463 1961 2549 quia
1981 2466 2075 2535 intus

553 2557 599 2630 est
624 2553 768 2646 plenus,
801 2572 869 2621 tum
903 2569 1038 2640 propter
1063 2546 1143 2620 dura
1173 2546 1352 2622 involucra,
1408 2547 1445 2616 ln
1469 2548 1602 2619 bomine
1625 2549 1752 2621 adulto.¹
1766 2550 1920 2625 diameter
1942 2560 2026 2630 oculi
2054 2584 2096 2630 a.

408 2701 411 2706 ’
552 2707 686 2780 Cornea
708 2695 921 2771 adNervum
945 2699 1094 2789 opticum
1118 2695 1164 2767 est
1185 2681 1390 2796 longitudine
1403 2659 1511 2817 ,ιι-ξῙΙ
1533 2695 1687 2768 linearum
1711 2657 2014 2791 pollicis-Parilini,
2040 2705 2094 2778 sra-

551 2874 593 2929 ee
620 2810 749 2971 ιιι-ἓξ
770 2848 828 2919 lio.
855 2844 936 2938 poll.
963 2843 1205 2936 Rhynltndici..

600 2998 641 3071 ln
675 2997 816 3092 piscibus
844 2993 890 3062 est
918 2992 1077 3081 pollerius
1107 2990 1307 3078 sphaericus,
1340 2988 1480 3058 anterius
1500 2989 1741 3080 complinatus:
1766 2997 1800 3066 i'n
1820 2996 1931 3069 avibus
1955 3020 2095 3076 comeo:

554 3097 600 3169 eil
622 3098 726 3165 multo
751 3087 944 3184 gibbelior,
973 3084 1165 3172 observante
1194 3082 1387 3154 Porterlield
1418 3084 1527 3179 (a),
1560 3090 1592 3156 in
1619 3089 1766 3162 Struthio
1784 3129 1796 3142 ·
1815 3095 1942 3167 camelo
1974 3098 1996 3169 li
2044 3122 2093 3173 ra.

555 3191 647 3268 oculi
672 3210 713 3257 ex
745 3185 850 3253 orbita
880 3183 1000 3249 exemti
1037 3179 1082 3249 est
1108 3178 1306 3274 triangularis
1333 3182 1351 3272 (
1364 3181 1426 3273 b).
1482 3183 1680 3256 Animalium
1706 3189 1982 3266 nonnullorumb
2019 3197 2091 3270 bos·

553 3283 683 3358 differre
708 3277 837 3350 tradidit
858 3273 916 3346 Cl.
939 3275 1025 3346 Zion
1051 3271 1155 3370 (e),
1187 3295 1306 3347 notans
1329 3274 1446 3349 Ululae.
1462 3278 1596 3350 oculum
1619 3288 1758 3355 anterius
1787 3290 1821 3359 in
1844 3310 1998 3364 comeam
2022 3293 2080 3366 he·

553 3379 809 3472 misphaericam,
832 3371 969 3470 fundum
995 3374 1028 3444 in
1049 3393 1232 3445 convexum
1248 3375 1530 3447 membranaceum
1542 3380 1723 3452 terminari:
1749 3403 1873 3473 partem
1888 3392 2098 3466 verumtan-

554 3477 696 3552 mediam
721 3472 786 3545 effe
807 3471 923 3543 tubum
945 3467 1069 3541 olletun
1088 3521 1109 3554 ,.
1125 3474 1181 3562 qui
1202 3492 1251 3543 ex·
1270 3469 1377 3544 latiori
1400 3474 1463 3545 bali
1485 3475 1518 3545 in
1541 3495 1674 3552 conum·
1687 3478 2094 3567 reseclumcontrahitirr..

606 3572 767 3647 Moretur
784 3567 1068 3640 oculushumanus
1085 3591 1149 3660 ope
1169 3569 1222 3641 sex
1239 3568 1476 3659 musculorum,
1501 3595 1640 3666 quotum
1657 3597 1796 3668 quatuor
1809 3577 1986 3668 suntredli,
2013 3577 2095 3660 duo-
2181 3637 2183 3642 -

554 3673 702 3767 obliqui,
728 3666 922 3741 extrinsecus
939 3666 1076 3740 bulbum
1093 3668 1356 3758 arnplediemium
1367 3718 1387 3755 ,,
1404 3673 1460 3762 qui
1477 3670 1551 3742 hoc.
1565 3674 1663 3763 patto
1677 3674 1768 3747 nullo
1783 3678 1818 3747 in
1834 3699 1925 3751 motu
1941 3676 2096 3756 laborat.

602 3795 634 3892 ᾖ.
659 3780 933 3860 MDCCCLIV.
960 3780 1059 3850 Oculi
1081 3782 1221 3872 globum
1240 3786 1439 3873 potillimum
1465 3795 1665 3866 constituunt
1687 3802 1745 3868 tria
1768 3801 1935 3876 involucra
1944 3857 1963 3892 .,
1994 3829 2085 3901 quo-

555 3914 629 3968 mm
650 3887 793 3954 exterius
812 3879 858 3948 est
870 3875 1078 3964 ,scleroncm
1104 3876 1247 3948 medium
1274 3880 1494 3969 choroides,
1507 3890 1657 3962 intimum
1676 3893 1731 3962 eli·
1745 3894 1889 3969 Retinet,¹

608 3982 785 4064 Stierotica
808 3974 941 4068 propria
960 3970 1061 4044 oculo
1084 3974 1272 4046 membrana
1294 3976 1431 4048 bulbum
1453 3978 1570 4053 format
1592 3980 1633 4054 dr.
1653 3988 1797 4059 invellit:
1822 3992 1868 4061 est
1888 3997 2089 4076 membrana

558 4084 670 4168 dura,
702 4080 851 4150 coriacea
881 4067 975 4141 valde
999 4068 1149 4155 elastica,
1169 4071 1341 4160 albicans,
1358 4074 1518 4150 nafis-fere
1543 4079 1726 4169 destituta,
1738 4103 1778 4156 ex
1793 4088 1900 4161 multis
1915 4092 2019 4164 stratis
2036 4096 2089 4169 la·

557 4184 728 4262 mellarum
750 4188 977 4248 concretarum
1000 4169 1201 4283 compotitat
1225 4172 1535 4262 postica-pars„ubi
1557 4199 1674 4253 nervia
1693 4182 1739 4253 est
1760 4188 1910 4277 opticus,
1933 4190 1980 4259 est
1994 4214 2086 4267 cras.

557 4282 691 4372 flffima,
715 4272 849 4367 aqualis
871 4269 971 4342 lineae,
992 4265 1141 4358 pollen,
1167 4261 1203 4338 dt
1224 4287 1350 4361 opacat
1371 4271 1451 4344 inde
1471 4275 1647 4350 annorsum
1669 4279 1844 4355 decanam
1875 4285 1913 4358 iit
1935 4293 2106 4381 tenuior,

561 4382 647 4462 adeo
668 4395 705 4448 ut
729 4365 909 4445 tenuiffima
931 4365 988 4448 fir,
1015 4363 1072 4434 ubi
1098 4366 1202 4446 oritur
1219 4364 1373 4452 Comen,
1396 4370 1516 4445 deinde
1530 4374 1664 4450 ulterius
1680 4381 1856 4453 antrursum
1872 4406 2106 4477 procurrens,

563 4477 601 4551 fit
623 4480 740 4547 iterum
763 4462 917 4550 craffior,
951 4457 989 4534 dr
1016 4461 1216 4554 inaequabilis
1237 4465 1382 4539 craffitiei
1397 4518 1420 4557 ,.
1433 4468 1564 4565 majoris
1585 4480 1820 4570 comeriutis,
1843 4482 2016 4577 pellucet,
2050 4483 2100 4561 dt

562 4592 698 4654 vocatur
723 4570 859 4641 coma.
1438 4648 1441 4652 ³
1955 4612 1959 4622 ·

1997 4678 2105 4772 Pou-

640 4785 702 4947 d.)
723 4782 854 4848 Medical
872 4784 969 4859 turpe
991 4786 1060 4847 Vol.
1083 4803 1112 4863 4.
1133 4806 1200 4868 pag.
1222 4807 1289 4871 134,

666 4866 705 4942 Ι)
725 4866 895 4944 Phrroropb.
918 4864 1061 4928 Transadi.
1080 4869 1136 4932 No.
1158 4885 1229 4944 413.
1423 4911 1427 4916 .

640 4944 701 5033 (e)
720 4946 885 5015 &ment
903 4946 1037 5028 corone.
1056 4948 1127 5013 Vol.
1147 4966 1184 5026 4,
1197 4965 1266 5028 pag.
1285 4961 1356 5027 247,
