4992 6767
805 687 1529 789 venenu.
1839 705 1926 819 lid

402 907 520 980 mrum
546 890 669 985 aliquid
691 888 779 964 teris
801 892 885 963 exit:
909 886 1015 959 rursus
1032 887 1224 978 claudatur,
1249 893 1396 986 sequenti
1418 893 1472 965 die
1493 896 1676 989 aperiatur,
1699 899 1815 972 iterum
1839 906 1923 992 quid

404 1001 491 1074 teris
515 991 677 1064 evolabit:
701 988 745 1060 de
763 1009 881 1059 eventu
904 984 1031 1057 nullum
1057 987 1104 1058 est
1125 988 1289 1083 dubium,
1315 1012 1390 1061 cum
1414 992 1556 1064 eundem
1580 994 1695 1088 sepius
1719 1000 1920 1070 notaverimt

404 1096 459 1168 sed
479 1113 521 1162 an
544 1111 614 1161 non
637 1086 701 1172 fit,
734 1088 809 1178 quia
831 1087 885 1157 adr
910 1082 994 1153 sonti
1021 1084 1214 1178 imprellus,
1247 1089 1360 1180 majori
1382 1092 1479 1183 copia
1500 1092 1681 1188 ingreditur
1705 1113 1852 1183 aquam,
1884 1093 1921 1166 dr

402 1191 533 1282 aliquos
555 1205 680 1258 merrus
706 1180 741 1255 dt
764 1204 864 1276 poros
889 1182 967 1252 vasis
989 1186 1127 1275 caprei:
1160 1204 1202 1254 ex
1228 1205 1341 1279 aperto
1372 1186 1464 1257 sonte
1497 1189 1599 1260 exsilit
1623 1188 1756 1280 quidem
1781 1193 1921 1264 maxime

403 1311 496 1380 aquae
513 1287 632 1379 copia,
658 1280 791 1362 &tien
817 1283 874 1370 qui
898 1301 992 1369 aquas
1014 1282 1241 1367 incumbebat,
1267 1304 1377 1353 verum
1393 1283 1488 1356 reflat
1502 1284 1642 1359 insonte
1666 1286 1788 1376 aliquid
1805 1310 1918 1379 aquae,

404 1407 446 1457 ex
471 1407 535 1477 qua
560 1402 628 1453 non
654 1400 718 1452 tam
740 1378 887 1448 celeriter
910 1378 992 1447 airis
1018 1376 1120 1468 major
1149 1384 1259 1471 portio
1284 1379 1418 1476 ingressa
1440 1383 1562 1474 erepit;
1587 1381 1683 1454 id'fit
1699 1385 1918 1476 pedetentim,

407 1503 475 1556 tum
498 1485 617 1567 etiam,
642 1481 698 1568 qui
723 1474 888 1567 irrepserat
911 1478 1064 1566 inpuros
1085 1475 1186 1555 vasis,
1212 1476 1381 1548 successive
1400 1480 1517 1548 iterum
1533 1481 1566 1548 in
1582 1501 1719 1561 cavum,
1744 1503 1830 1553 nunc
1849 1505 1919 1555 non

407 1570 821 1669 continenscomprelllhn
835 1574 966 1651 aerem,
993 1570 1023 1638 se
1040 1573 1174 1662 recipir;
1203 1570 1238 1641 dt
1253 1573 1307 1643 hic
1321 1574 1390 1658 est,
1414 1580 1470 1664 qui
1494 1595 1607 1668 aperto
1622 1576 1794 1669 epillornio
1808 1580 1921 1673 pollet

403 1697 445 1749 ex
478 1676 570 1747 sonte
605 1674 724 1746 evolat.
780 1669 983 1757 Ceteroquin
1016 1669 1124 1736 a'eretn
1162 1688 1227 1760 ope
1257 1668 1414 1759 sulphuris
1447 1674 1565 1762 incensi
1599 1672 1785 1744 elasticittte
1814 1677 1922 1747 orbari

403 1771 493 1868 posse
522 1771 669 1844 Halelius
695 1765 933 1840 demonstravit:
962 1764 1105 1856 partibus
1126 1760 1205 1833 furni
1229 1763 1386 1854 sulphuris
1412 1767 1521 1836 niteas
1535 1768 1768 1855 trahentibus,
1791 1771 1922 1843 harum·

405 1891 470 1960 que
496 1869 711 1961 repulsionem
733 1863 974 1943 minuentibus,
1008 1862 1054 1930 uti
1081 1857 1235 1930 subtiliter
1257 1859 1427 1950 suspicatus
1451 1860 1514 1931 suit
1546 1862 1792 1957 Desagulierius
1818 1868 1921 1962 (a)t

403 1967 490 2037 idem
519 1969 554 2037 lit
580 1969 621 2037 ab
640 1965 825 2035 ardentibus
847 1956 1127 2042 Lithentracibus,
1153 1975 1222 2027 turn
1245 1979 1265 2026 a
1289 1954 1391 2027 linteo
1415 1965 1529 2051 carpto
1553 1958 1705 2046 incenso,
1731 1958 1766 2030 dt
1791 1984 1812 2031 a
1834 1964 1928 2050 ilum

401 2084 456 2136 tna
481 2063 623 2137 candele
647 2062 797 2131 sebacete.

446 2189 480 2288 s.
509 2186 741 2259 MMCLxll.
769 2183 915 2284 Quando
936 2185 1011 2268 aser,
1036 2187 1093 2273 qui
1119 2187 1154 2252 in
1178 2181 1357 2252 fluidorum
1379 2184 1553 2253 interstitiis
1577 2184 1762 2272 delitescit,
1786 2209 1805 2259 a
1829 2188 1924 2262 causa

398 2288 592 2361 extrinsecus
618 2288 855 2373 comprimente
878 2282 1050 2355 liberatur,
1076 2279 1108 2341 se
1134 2281 1168 2343 in
1192 2278 1329 2343 formam
1355 2275 1485 2367 sphaerae
1510 2277 1635 2370 semper
1650 2285 1821 2373 expandit,-
1845 2287 1924 2357 ideQ

399 2407 475 2457 cunr
499 2386 645 2456 vitrum,
678 2380 733 2444 cui
754 2375 835 2443 inest
859 2370 1030 2452 fluidum,
1063 2366 1119 2439 suh
1152 2390 1308 2463 campana
1340 2376 1501 2463 ponitur,
1533 2394 1575 2443 ex
1601 2394 1665 2464 qua
1690 2379 1746 2447 air
1769 2378 1924 2464 trahitur,

400 2501 471 2553 tum
496 2478 554 2567 qui
579 2472 702 2543 a'c'1·cl't
727 2474 761 2540 in
784 2468 918 2550 lluido,
944 2464 1208 2558 inconspectum
1236 2467 1374 2559 prodit,
1407 2469 1487 2561 pilas
1510 2471 1607 2541 arenti
1633 2494 1701 2543 non
1728 2474 1862 2566 majores
1888 2478 1924 2548 in

400 2579 496 2646 initio
521 2570 686 2666 formans,
713 2589 786 2657 quae
809 2563 1031 2659 magnitudine
1054 2567 1258 2647 increscunt,
1283 2585 1352 2653 quo
1374 2567 1448 2659 plus
1473 2570 1554 2637 airis
1578 2588 1620 2638 ex
1644 2573 1810 2663 campani
1825 2593 1925 2645 exan-

402 2670 536 2753 tliatur,
564 2666 616 2737 scd
639 2669 854 2736 increscentes
873 2662 917 2732 nil
939 2682 1076 2745 tamen,
1098 2662 1154 2730 nist
1178 2660 1333 2750 perfcslas
1357 2665 1437 2755 pilas
1462 2664 1629 2737 exhibent.
1682 2666 1771 2741 Hinc
1795 2672 1925 2763 experi-

403 2786 516 2837 mento
540 2766 664 2855 optime
687 2761 781 2832 servit
800 2760 937 2851 Spiritus
963 2756 1059 2839 Vini,
1086 2758 1222 2848 Spiritus
1246 2758 1413 2851 Junipeti,
1438 2761 1552 2849 Aquae
1578 2763 1600 2829 sr
1626 2783 1733 2834 autem
1759 2765 1923 2840 Cercvilia

401 2867 594 2941 recentior,
616 2880 670 2930 aut
692 2858 836 2945 Syrupus
856 2855 994 2949 vulgaris
1017 2857 1110 2948 niger
1134 2857 1304 2948 capiatur,
1340 2875 1407 2925 tota
1430 2859 1463 2926 in
1488 2854 1632 2948 spumam
1657 2862 1817 2946 vertitur,
1849 2883 1926 2952 quae

400 2981 478 3044 uer,
503 2956 580 3026 licet
602 2952 779 3022 admodum
803 2952 931 3033 altum,
956 2949 1095 3042 implet,
1121 2951 1359 3034 transscendit,
1393 2950 1428 3021 ἃ
1453 2955 1607 3024 vesiculas
1633 2957 1854 3051 magnitudine
1878 2958 1927 3030 se·

397 3056 494 3126 minis
509 3050 680 3123 cannabini
705 3046 817 3118 refert:
842 3048 876 3114 in
900 3044 989 3114 Vino
1005 3047 1107 3115 rubro
1134 3046 1265 3136 copiola
1289 3050 1386 3116 etiam
1413 3051 1516 3118 oritur
1541 3051 1671 3141 spuma,
1700 3075 1774 3141 quae
1798 3052 1836 3124 fit
1858 3058 1925 3150 pri.
1953 3085 1956 3090 ,
2020 3106 2024 3111 ,

398 3171 488 3222 mum
514 3169 554 3219 ex
576 3147 720 3216 discretis
741 3140 887 3213 ueliculis
907 3142 941 3211 in
965 3140 1077 3211 medio
1100 3140 1279 3234 superficiei
1303 3147 1408 3228 aclis,
1433 3143 1553 3215 deinde
1576 3145 1828 3235 adnotantibus,
1855 3170 1925 3225 tunt

400 3246 606 3320 tendentibus
627 3242 668 3314 td
690 3241 773 3312 latus
797 3238 938 3322 vasculi,
963 3238 1064 3327 idque
1088 3241 1122 3307 in
1143 3238 1322 3309 rotundum
1346 3241 1582 3312 ambientibus:
1607 3243 1768 3313 interdum
1792 3249 1924 3319 contin·

398 3348 465 3443 git,
490 3365 526 3415 ut
547 3364 587 3414 ex
609 3340 675 3412 hoc
700 3340 778 3409 vino
793 3338 848 3407 a'e'r
867 3356 935 3406 non
949 3334 1043 3404 facile
1058 3354 1167 3405 exeat:
1195 3335 1217 3404 fi
1240 3354 1308 3405 tum
1331 3337 1530 3408 metallicum
1556 3337 1647 3409 filum
1674 3341 1706 3411 in
1723 3340 1846 3413 Vinum
1863 3343 1922 3416 de*

399 3446 587 3537 primurm,
619 3439 675 3507 air
704 3434 873 3506 celerrime
903 3430 1035 3514 evolat,
1072 3428 1108 3502 dt
1130 3433 1241 3503 vinum
1265 3432 1326 3503 suh
1357 3454 1549 3528 magnarum
1574 3455 1737 3530 guttarum
1761 3436 1865 3511 forma
1889 3444 1925 3516 in

397 3539 498 3610 altum
519 3534 675 3627 expellit:
711 3530 734 3597 st
757 3530 930 3597 decoslunr
952 3527 1033 3617 ligni
1056 3525 1266 3616 Campechiae
1299 3532 1333 3597 in
1355 3551 1439 3617 aqua
1465 3532 1638 3621 capiatur,
1669 3533 1703 3603 id
1727 3536 1837 3606 ae'rem
1863 3536 1923 3610 sub

400 3634 570 3724 Campana
597 3630 653 3698 diu
678 3623 713 3696 dt
737 3624 942 3716 pertinaciter
964 3619 1153 3700 concludit,
1178 3624 1253 3709 quia
1279 3620 1373 3693 soluti
1397 3625 1477 3717 ligni
1501 3643 1607 3715 partes
1632 3648 1749 3715 aquarn
1774 3631 1923 3719 aliquan·

400 3751 470 3802 tum
495 3747 642 3798 tenacem
662 3722 831 3800 secerunt,
848 3714 1024 3809 palintonid
1041 3719 1244 3788 tenacitatem
1262 3716 1432 3811 superans,
1457 3739 1568 3791 verum
1586 3723 1642 3792 adr
1656 3721 1763 3795 litbito
1775 3746 1924 3821 erumpet

398 3827 502 3898 hatto
524 3822 611 3915 qutfi
635 3820 760 3891 fornice
776 3814 969 3895 coercente,
996 3809 1031 3881 dt
1048 3834 1198 3908 magnam
1219 3815 1355 3904 liquoris
1380 3817 1511 3907 copietn
1535 3836 1577 3887 ex
1600 3822 1671 3890 vase
1692 3820 1788 3913 ejicit.
1839 3822 1924 3898 llaec

397 3926 481 3996 airis
509 3918 660 4014 expanso
692 3920 725 3986 in
757 3911 893 3983 formam
921 3908 1056 4002 pilarum
1084 3906 1239 3979 monstrat
1268 3913 1435 3998 omnino,
1466 3913 1574 3983 adrem
1607 3936 1675 3986 non
1708 3918 1855 3990 constare
1879 3941 1923 3993 eit

397 4017 590 4113 quibusdam
613 4014 724 4107 spiris,
748 4030 821 4101 quae
844 4004 977 4098 quidem
1000 4008 1036 4076 in
1059 4005 1214 4097 majorem
1237 4007 1401 4100 planitiem
1427 4006 1531 4100 prell‘u
1555 4010 1657 4107 redigi
1682 4013 1838 4105 possunt,
1864 4016 1920 4088 sed

398 4138 467 4191 non
492 4117 532 4185 eb
555 4114 645 4185 omni
667 4125 760 4204 parte
785 4107 820 4175 in
841 4101 1015 4175 rotundum
1037 4101 1226 4173 decrescere
1249 4107 1283 4173 in
1308 4104 1382 4196 pilae
1406 4104 1574 4189 somnam,
1599 4127 1656 4176 aut
1680 4109 1786 4202 pressu
1811 4112 1952 4198 minu-3
2054 4141 2056 4147 .

398 4231 435 4284 to
457 4216 490 4284 in
513 4209 688 4283 rotundum
717 4195 749 4277 l'e
773 4201 956 4296 explicare,
982 4198 1082 4272 veluti
1107 4198 1257 4269 nonnulli
1281 4198 1411 4272 Eruditi
1434 4202 1560 4294 opinati
1581 4199 1663 4275 sunt.

452 4341 487 4440 §.
520 4336 772 4414 MMCLXlll.
809 4331 978 4429 Quantum
1001 4332 1060 4402 a'e'r
1084 4330 1142 4402 fibi
1163 4328 1379 4418 commissus,
1413 4322 1641 4419 necamplius
1672 4331 1691 4400 s
1716 4332 1748 4403 vi
1773 4329 1837 4403 ulla
1865 4350 1921 4403 ex·

398 4440 489 4513 terni
511 4435 710 4529 compressus
734 4433 766 4505 se
789 4430 976 4504 elasticitate
1006 4427 1190 4519 expandere
1219 4427 1359 4519 potelli
1407 4423 1610 4498 Difficillime
1641 4426 1719 4499 huic
1751 4430 1923 4521 quaestions

397 4534 584 4625 responderi
607 4532 740 4624 potest,
773 4531 849 4622 quia
880 4525 1108 4617 Aunosphaera
1136 4545 1177 4595 ex
1212 4524 1421 4598 diversrlhrnis
1454 4521 1561 4594 fluidis
1585 4523 1720 4598 elallicis
1745 4528 1920 4618 componi-

400 4654 470 4723 tur,
497 4649 635 4720 quorum
653 4628 818 4702 elasticitas
838 4624 1014 4700 admodum
1037 4622 1164 4698 differt:
1190 4623 1325 4722 sigitur
1349 4640 1529 4717 queratur,
1556 4623 1713 4715 quantum
1736 4624 1791 4696 adt
1815 4624 1919 4697 lince-

1843 4743 1921 4807 sus,

474 4920 530 4999 (⁴)
551 4916 896 5079 fflffsslgssffgm
921 4921 980 4985 m.
1010 4932 1080 4999 454·
1114 4936 1181 5002 nrt·
1214 4935 1282 4997 tlt·
1315 4917 1423 4983 come
1454 4920 1493 4984 ‚or
1516 4921 1718 5003 experimen
1745 4906 1920 5040 turornis

1244 5074 1449 5169 Vvtvtss
