4992 6767
564 681 1632 786 numarsortsreunts.
1776 729 1882 817 1057

356 890 429 964 dios
453 891 621 960 emittente
648 883 716 960 dte.
763 885 846 958 Sunt
872 887 969 958 etiam
991 887 1031 958 in
1054 886 1243 984 regionibus
1264 886 1375 963 boreis
1397 889 1531 964 ardores
1555 892 1642 965 adeo
1667 897 1816 985 corusci,
1842 921 1880 975 ιιι

354 1010 417 1061 nee
442 987 602 1078 planete,
626 1006 690 1058 nec
713 983 811 1078 stellae
835 981 908 1054 stru
930 986 1032 1056 noelu
1053 1003 1246 1071 cernantur,
1271 989 1342 1058 iuro
1361 1008 1420 1060 eos
1442 1009 1504 1061 nee
1525 986 1632 1064 Lunae
1655 991 1806 1077 splendor
1820 1019 1876 1070 er·

355 1089 501 1181 tinguat,
527 1082 781 1174 nec-presentia
799 1079 913 1165 Solis,
944 1102 1021 1154 cum
1047 1078 1083 1152 dt
1105 1081 1183 1154 Sole
1203 1085 1239 1154 in
1263 1083 1353 1156 caelo
1376 1086 1469 1178 supra
1492 1086 1594 1160 solunt
1619 1089 1762 1162 versante
1787 1092 1877 1183 spec.

353 1202 478 1254 rentur:
504 1183 580 1254 ideo
611 1185 651 1252 itt-
673 1199 759 1251 tanta
790 1179 990 1250 Aurorarum
1012 1178 1155 1252 claritate
1185 1182 1286 1252 noeto
1309 1201 1403 1273 aeque
1424 1186 1532 1277 bene,
1555 1207 1594 1258 ac
1614 1188 1714 1278 pleno
1732 1191 1787 1260 die
1809 1192 1821 1262 1
1865 1194 1880 1230 '¹

351 1278 641 1470 Ιῑιιιιῖιροίιΐυιιῖ
666 1273 702 1471 d>r
724 1277 865 1348 itinerari
891 1275 989 1363 licet,
1010 1276 1208 1350 tradentibus
1232 1277 1469 1368 Middleteno,
1488 1280 1586 1356 Ham
1605 1283 1741 1383 Egede,
1767 1286 1834 1359 Kra
1860 1323 1876 1342 ·

351 1379 418 1467 tio,
505 1378 587 1449 Elis
641 1401 669 1449 a
697 1409 715 1446 r
1370 1431 1379 1446 ,

396 1507 427 1604 ᾗ.
453 1498 808 1576 MMCCCCXCIX.
831 1498 960 1572 Aurora
982 1496 1060 1570 haec
1078 1496 1292 1585 observatur,
1310 1500 1366 1573 vel·
1388 1501 1476 1574 eoelo
1495 1505 1537 1577 ab
1552 1511 1757 1599 omniparte³
1774 1514 1790 1603 (
1800 1507 1873 1604 sep·

350 1607 523 1679 temtrione
546 1598 711 1693 excepto)
736 1597 869 1681 sereno,
895 1592 930 1666 ἀ
954 1595 1121 1677 coeruleo,
1146 1595 1198 1667 vel
1223 1597 1301 1668 hinc
1323 1599 1399 1670 inde
1419 1622 1494 1672 cum
1519 1605 1675 1676 nubibus:
1703 1627 1872 1697 nunquam

349 1704 444 1788 vidi,
463 1706 624 1772 Auroram
642 1697 731 1769 coelo
746 1695 876 1787 penitus
899 1692 1039 1763 nubibus
1063 1692 1230 1777 obducto,
1257 1693 1309 1770 sed
1337 1697 1468 1787 quidem
1491 1700 1599 1788 brevi,
1625 1702 1796 1795 postquam
1812 1702 1875 1775 sul·

349 1803 446 1884 serat,
472 1802 575 1871 nubes
597 1816 703 1868 totum
730 1792 853 1865 eoelum
878 1787 999 1860 terriffe.
1032 1791 1181 1880 Apparet
1200 1809 1338 1881 quoque
1359 1814 1460 1863 vento
1482 1795 1550 1866 fere
1568 1800 1704 1884 filente,
1728 1821 1784 1871 aut
1798 1822 1871 1870 mo·

348 1900 392 1969 do
417 1899 518 1988 primi.
538 1897 709 1984 impetus,
740 1893 847 1962 minua
867 1884 1020 1977 frequens
1042 1886 1089 1957 est
1111 1884 1214 1957 flante
1239 1903 1349 1958 vento‘
1368 1887 1497 1961 secundi
1520 1896 1688 1984 impetus;
1721 1898 1878 1968 rariffime

346 1997 441 2066 datur
464 2012 562 2066 vento
591 1990 744 2075 furente3
769 1986 837 2060 vidi
862 2004 970 2056 tamen
994 1984 1096 2055 Anno
1116 1983 1221 2072 1728.
1255 1982 1369 2055 Martii
1397 2005 1454 2076 30.
1481 1986 1516 2059 bt
1540 1992 1641 2062 Anno
1663 2011 1766 2084 ¹733·
1799 1991 1871 2064 De·

345 2094 487 2163 cembris
510 2109 569 2179 23.
592 2108 668 2159 cunr
683 2105 797 2157 ventus
811 2079 1204 2158 eratvebementilsrmus..
1226 2078 1425 2168 observavi,
1455 2085 1601 2158 Aurorae
1632 2087 1768 2173 fulsisse,
1804 2088 1871 2182 spi·

345 2191 486 2259 rantibus
517 2204 558 2253 ex
587 2184 679 2255 omni
708 2182 805 2277 plaga
829 2184 959 2252 ventis:
986 2179 1139 2248 omnibus
1165 2180 1241 2248 anni
1266 2179 1468 2267 temporibus
1491 2187 1587 2253 etiam
1616 2183 1806 2278 ultrajecti,
1834 2183 1874 2258 &⁴

343 2284 465 2373 Leydae
486 2279 670 2371 conspeetae
698 2278 861 2359 riserunt,
892 2270 929 2343 er
953 2271 997 2343 fic
1016 2276 1051 2344 in
1075 2272 1263 2367 regionibus
1288 2273 1396 2345 boreis
1425 2299 1519 2367 teque
1548 2277 1666 2368 hyeme
1693 2303 1730 2353 ae
1762 2284 1870 2356 aestate

342 2380 467 2475 fulgent
490 2378 512 2470 (
552 2376 590 2467 ).
838 2400 841 2407 ’
1153 2424 1155 2428 -

414 2557 422 2574 .
447 2497 585 2573 muli).
610 2497 754 2569 Aurorae
777 2494 835 2568 ha's
857 2497 953 2567 etiam
976 2492 1255 2568 indiscriminatim
1277 2496 1466 2587 precedunt
1498 2500 1605 2570 omnis
1629 2502 1761 2595 generis
1790 2522 1873 2574 ven·

344 2611 389 2691 ti,
414 2599 554 2692 placidi,
578 2594 853 2666 vehementiores:
880 2592 1084 2684 tempestates
1098 2591 1246 2691 frip'dae,
1270 2592 1402 2680 ealidae,
1419 2592 1632 2689 humidae,&
1654 2597 1767 2683 ficcae3
1782 2600 1868 2670 adeo

343 2723 379 2773 ut
404 2721 444 2769 ex
467 2698 518 2768 his
539 2693 666 2765 nullum
691 2690 880 2787 praesagium
903 2690 945 2761 de
967 2690 1107 2762 adventu
1128 2693 1267 2762 Aurorae
1291 2690 1407 2761 Boreae
1432 2696 1503 2783 capi
1521 2694 1626 2786 possit.
1661 2693 1867 2789 'Tempesta-

343 2819 391 2871 tes
406 2799 502 2866 etiarn
513 2844 525 2878 ,
537 2812 612 2881 quae
626 2790 820 2882 sequuntur,
847 2787 917 2859 sunt
932 2787 1070 2872 setenae,
1088 2785 1123 2858 &
1139 2787 1312 2880 pluviosae:
1338 2791 1424 2859 venti
1440 2790 1683 2879 qualescunque
1700 2792 1813 2878 lenes,
1829 2790 1866 2863 δι

340 2895 464 2978 sortes,
488 2890 609 2985 frigus,
636 2883 673 2957 bc
695 2885 806 2972 calor,
831 2886 1046 2978 quamobrem
1070 2887 1285 2956 mutationem
1306 2904 1429 2955 certam
1449 2884 1671 2977 atmosplraerae
1687 2908 1755 2959 non
1772 2889 1866 2958 indu·

340 3011 450 3071 cunt,
483 3007 544 3059 nec
567 2984 727 3054 morbose
762 3003 825 3054 nee
853 2982 946 3054 eausa
968 2983 1135 3074 asperioris
1158 2982 1283 3071 hyemis
1304 2982 1467 3075 eristum,
1490 3004 1566 3054 eunt
1589 2983 1778 3055 durantibus
1799 2985 1870 3076 jam·

339 3091 380 3159 ab
408 3087 514 3160 Anno
536 3080 639 3176 1716.
666 3080 805 3151 norom
829 3082 862 3150 in
879 3079 944 3151 hoc
969 3101 1077 3170 usque
1099 3099 1228 3171 tempus
1252 3082 1396 3149 mitiores
1416 3100 1550 3170 quoque
1572 3081 1696 3150 brumae
1714 3080 1862 3153 fuerumt

338 3207 401 3257 nec
429 3181 575 3254 instantia
602 3176 686 3249 mala
713 3181 900 3261 minantur,
933 3179 979 3247 uti
1002 3179 1090 3247 reste
1116 3175 1299 3247 Bosellinos
1321 3177 1427 3245 evicit.
1478 3174 1567 3246 Nam
1595 3177 1640 3246 uit
1664 3176 1783 3250 fuimus
1806 3200 1871 3269 pa·-

337 3303 399 3368 ce,
424 3283 519 3352 annis
537 3275 715 3361 fertilibus,
740 3274 863 3367 absque
889 3276 1091 3370 gravioribus
1112 3274 1237 3345 morbis
1258 3272 1450 3365 epidemieis
1469 3269 1535 3343 &c
1562 3270 1616 3342 sed
1631 3274 1675 3344 ab
1696 3274 1871 3366 hujusmor

335 3381 368 3451 di
389 3377 611 3471 superstitione
635 3375 669 3445 in
696 3372 818 3466 Belgio
842 3370 950 3443 sumus
971 3371 1076 3443 liberi.
1254 3373 1258 3378 '

407 3554 423 3571 ..
441 3496 602 3568 MMDI.
624 3494 756 3563 Aurora
780 3494 927 3558 Borealis
951 3496 984 3559 in
1009 3494 1225 3579 atmosphaera
1238 3490 1382 3560 Telluris
1396 3489 1510 3560 existit.
1540 3509 1587 3561 1⁰.
1614 3487 1702 3586 Quia
1719 3489 1776 3562 sub
1793 3489 1871 3565 forr

337 3620 391 3671 rna
416 3595 511 3664 nubis
533 3605 694 3678 apparet,
728 3583 837 3652 smilis
857 3581 989 3673 reliquis
1018 3585 1052 3654 in
1076 3583 1305 3673 atmosphaera,
1333 3585 1484 3654 nubibus.
1513 3593 1563 3653 2⁰.
1595 3591 1669 3675 quia
1684 3590 1860 3660 nubesco·

337 3712 467 3769 ruscans
488 3686 699 3777 plurimarum
719 3678 894 3763 horarum,
919 3681 988 3751 imo
1011 3680 1137 3751 dierum
1162 3680 1284 3771 spatio,
1309 3680 1349 3751 ad
1375 3680 1509 3756 eandem
1534 3679 1734 3752 altitudinem
1768 3682 1860 3775 supra

335 3794 542 3870 horizontem
567 3780 651 3870 sepe
673 3775 811 3870 perstat,
835 3775 986 3869 adeoque
1010 3776 1102 3849 stmul
1125 3798 1200 3849 cunt
1225 3777 1347 3870 reliqua
1369 3776 1580 3868 atmosphara
1606 3774 1641 3850 dt
1669 3775 1770 3850 Tetra
1795 3784 1859 3852 cire

335 3913 374 3961 ca
398 3887 509 3957 'lerrae
532 3879 608 3948 min
628 3874 827 3947 volvebatur.
856 3880 908 3967 30.
935 3870 1024 3969 Quia
1046 3894 1282 3967 nonnunquam
1304 3879 1435 3947 Aurora
1457 3876 1495 3943 in
1511 3874 1643 3947 duobus
1674 3872 1757 3946 locis
1788 3899 1858 3950 non

336 3984 475 4058 multum
499 3974 628 4057 dissttis,
653 3993 722 4043 nort
743 3970 870 4041 ridetur
891 3969 993 4044 simul.
1019 3991 1071 4063 4⁰.
1102 3969 1191 4067 Quia
1218 3971 1381 4044 columnae
1404 3993 1480 4054 cum
1515 3971 1645 4064 strepitu
1671 3970 1857 4069 assurgunt,

336 4084 486 4170 adeoque
514 4074 610 4144 sonus
635 4070 777 4154 indicat,
811 4067 932 4140 nubem
960 4090 1185 4141 coruscantem
1213 4090 1281 4141 non
1305 4071 1369 4141 elle
1390 4068 1569 4138 admodum
1591 4070 1654 4140 alte
1684 4068 1854 4143 elevatam:

336 4202 398 4251 nec
423 4174 562 4246 dissentit
583 4164 761 4251 Krafftius,
787 4165 915 4237 uadens
945 4165 1046 4256 spatio
1072 4166 1224 4237 undecim
1248 4187 1407 4239 annorum
1431 4165 1585 4256 spectatas
1616 4187 1678 4255 ¹4¹
1709 4166 1863 4240 Auroras·

337 4279 480 4356 Boreas,
506 4267 741 4357 frequentiores
764 4283 818 4335 eas
842 4260 907 4333 effe
930 4260 1031 4334 solete
1055 4264 1140 4333 circa
1164 4285 1311 4354 tempora
1342 4267 1506 4352 utriusque
1534 4263 1751 4353 aequinoctii,
1781 4285 1855 4355 per·

337 4372 501 4461 multaque
527 4363 592 4434 elle
611 4362 752 4446 indicia,
777 4381 852 4451 qure
879 4380 990 4432 earum
1022 4363 1187 4433 materiam
1219 4383 1288 4433 non
1317 4362 1431 4448 altius,
1462 4379 1559 4453 quant
1582 4361 1623 4430 ab
1646 4359 1858 4455 atmospbaete

339 4472 465 4548 nostra,
488 4460 661 4554 petendam
677 4456 742 4529 ell'e
766 4479 901 4554 arguant
928 4460 1001 4554 (c).

385 4592 417 4686 §.
427 4579 597 4660 MillDll.
614 4577 755 4677 Quanta
772 4579 809 4650 fit
825 4580 1000 4657 altitudinis
1014 4580 1106 4675 supra
1126 4602 1263 4671 terram,
1279 4581 1492 4656 determinare
1505 4577 1674 4674 hueusque
1687 4595 1856 4692 nemopo-

1776 4694 1865 4763 tuit,

411 4845 470 4923 (sl
490 4844 612 4914 vovere
634 4848 666 4897 te
685 4836 823 4901 liudsons
843 4842 911 4918 bey.
931 4855 998 4919 pag.
1015 4850 1082 4911 ¹48·
1218 4847 1225 4883 τ

409 4924 471 4999 (l)
491 4922 566 4982 Ellis
588 4919 708 4992 voyage
722 4920 919 4981 rolludiona
941 4925 1008 4995 bap.
1021 4935 1094 4997 pag.
1111 4931 1193 4992 ιιι..Ι
1295 4973 1299 4979 ,

408 5004 466 5083 (t)
486 5002 652 5079 comment.
673 4997 850 5079 Peoopolit
868 5000 938 5066 vol.
953 5015 1001 5067 rx.
1020 5014 1088 5083 pag.
1106 5014 1173 5076 ³40·
