4992 6767
862 645 1001 740 DE
1158 650 1489 746 IGNE·
1857 665 1937 773 ’σος

411 906 478 982 nu
503 863 588 1018 ᾗ.
611 893 713 987 aqua
740 857 830 1008 ,ἐζ-ο.
855 892 994 987 spnnus
1018 889 1097 965 tunt
1125 848 1213 1020 ἐξ.
1239 893 1362 968 onum
1386 894 1463 968 una
1488 861 1578 1015 ,0³33-
1604 896 1699 996 (a).
1738 898 1858 975 sedas
1875 925 1935 977 ea

407 1101 478 1174 dem
501 1094 644 1171 termino
667 1091 797 1190 frigoris
818 1091 861 1164 ud
885 1089 1111 1166 ebullitionem
1136 1089 1222 1173 suern
1251 1097 1437 1170 intumescit
1462 1096 1610 1170 Alcohol
1640 1061 1691 1218 39-
1719 1119 1809 1195 parte
1834 1101 1933 1173 totius

399 1245 594 1330 voluminis,
619 1246 715 1336 Aqua
739 1222 794 1383 ῑξ.
820 1238 1007 1314 Mercurius
1030 1219 1086 1380 ᾗ.

447 1417 480 1520 5.
505 1413 712 1490 MDLXlV.
738 1412 829 1512 Quia
845 1413 965 1486 Fluida
978 1414 1020 1485 ab
1034 1411 1152 1509 aequali
1171 1417 1182 1486 i
1229 1419 1255 1488 is
1271 1418 1367 1509 copia
1381 1415 1455 1509 plus
1471 1439 1568 1510 quam
1584 1436 1724 1516 corpora
1740 1422 1830 1496 firma
1848 1425 1933 1497 intu-

398 1535 569 1599 mescunt,
587 1513 734 1607 quedem
749 1515 784 1585 in
800 1507 890 1585 usum
906 1531 1019 1588 voerta
1034 1509 1164 1584 fuerunt
1195 1535 1285 1606 copo
1301 1514 1386 1601 hoc,
1410 1516 1452 1587 ad
1467 1518 1551 1613 ignis
1567 1521 1718 1610 copiam,
1736 1525 1770 1594 iu
1784 1525 1931 1615 corpori.

332 1683 343 1700 ,
401 1616 465 1686 bus
481 1614 730 1705 quibuscunque
748 1610 894 1696 latentis,
917 1608 1114 1681 eruendam:
1140 1608 1354 1700 Instrumenta
1367 1612 1443 1684 huic
1460 1615 1527 1684 usui
1543 1613 1844 1703 destinata,vocata
1862 1620 1934 1692 sunt

399 1711 664 1797 ibermometra,
689 1729 744 1780 aut
760 1704 1030 1804 riermoscopia:
1054 1705 1168 1792 Eleile
1190 1705 1322 1779 suerunt
1336 1711 1426 1795 Ait,
1452 1711 1591 1802 Spiritus
1605 1712 1701 1804 Vini,
1727 1714 1932 1789 Mercurius:

397 1809 456 1882 sed
480 1830 581 1882 omne
604 1829 710 1908 genus
728 1805 836 1879 Fluidi
857 1811 890 1879 in
913 1805 1004 1878 usum
1029 1807 1137 1877 vocari
1160 1804 1334 1900 potuisset,
1357 1827 1413 1877 aut
1437 1808 1558 1879 diversa
1583 1808 1685 1882 sinna.

450 1934 483 2036 §.
508 1931 699 2009 MDLXV.
731 1934 857 2010 Primus
887 1931 1139 2027 Thennoscopii
1162 1936 1315 2009 inventor
1333 1938 1419 2007 circa
1442 1938 1569 2008 initium
1593 1939 1689 2012 seculi
1707 1941 1817 2018 XVII.
1844 1944 1930 2019 Cor·

399 2035 506 2108 trelius
523 2032 744 2119 Drebltelius,
769 2038 847 2107 civis
870 2032 1117 2118 Alcmarienfis,
1140 2032 1219 2105 fuit:
1244 2056 1264 2103 a
1287 2055 1356 2125 quo
1380 2054 1528 2124 tempore
1547 2037 1583 2107 in
1605 2036 1781 2135 Belgio&
1808 2042 1931 2139 Anglia

398 2129 599 2229 divulgatum
622 2130 700 2204 fuit:
726 2131 795 2204 Alii
818 2136 985 2205 inventum
1013 2128 1182 2203 sanctorio
1207 2130 1391 2203 adscribunt
1423 2129 1527 2226 (b),
1558 2136 1634 2226 quia
1656 2137 1689 2206 in
1713 2159 1836 2229 opere,
1862 2160 1932 2231 quo
2047 2215 2051 2220 ,

397 2230 533 2321 primam
566 2227 636 2301 Fen
659 2227 840 2303 Avicennae
870 2228 1111 2301 commentariis
1142 2226 1305 2314 illustrat,
1346 2226 1591 2302 instrumentum
1616 2232 1793 2326 describit,
1829 2236 1933 2307 dime-

397 2327 514 2398 tiendae
538 2345 738 2424 aegrotorum
759 2347 986 2416 temperaturae
1012 2321 1137 2420 frigidae
1160 2323 1212 2395 vel
1237 2321 1351 2395 calidae
1374 2322 1587 2414 destinatum,
1612 2327 1667 2400 sed
1694 2331 1791 2422 quale
1814 2332 1932 2417 fuerit,

398 2425 507 2498 miuus
531 2424 693 2505 innotuit,
719 2419 829 2491 saltem
855 2423 984 2491 exteris.

449 2547 483 2645 5.
507 2541 717 2620 MDLXVI.
744 2544 913 2642 Quoniam
931 2545 1003 2618 ner
1017 2545 1084 2616 ubi
1132 2544 1234 2617 eleni
1254 2543 1391 2617 multum
1405 2550 1555 2635 rarescit,
1580 2546 1932 2636 DtebbeliusAEreum
1965 2589 2041 2650 m,

401 2643 677 2735 sbtrmostopium
701 2643 893 2712 construxit.
939 2641 1062 2711 Vitreae
1097 2641 1214 2727 phaerae
1244 2643 1406 2731 capaciori
1432 2648 1488 2729 A,
1514 2648 1610 2718 tubus
1636 2649 1704 2721 BE
1729 2652 1928 2738 adnectitur,
1941 2665 2080 2728 xxxiii.

402 2740 570 2812 vasculum
599 2736 695 2820 DE,
724 2757 954 2828 quemcunque
969 2736 1069 2818 uelis,
1086 2738 1231 2805 continet
1252 2737 1433 2826 liquorem,
1454 2742 1646 2831 plerumque
1660 2747 1792 2835 Aquam
1813 2747 2000 2823 sortenrfis·
2030 2758 2059 2816 5·

401 2839 435 2907 iu
459 2858 522 2925 qua
547 2834 687 2904 solutum
707 2833 753 2902 est
771 2832 946 2903 Vitriolum
969 2832 1094 2921 Cypri,
1121 2831 1277 2924 elegantis
1305 2834 1434 2904 caerulei
1449 2836 1588 2906 coloris:
1614 2860 1726 2927 parum
1755 2843 1853 2914 Airis
1868 2851 1933 2936 pri·

399 2953 457 3002 mo
481 2951 522 2998 ex
547 2929 667 3020 sphaertt
691 2928 724 2997 A
748 2927 940 3018 expellitur,
965 2948 1037 2996 tum
1064 2931 1096 2994 in
1123 2928 1258 2996 bulbum
1285 2927 1341 3008 E,
1372 2927 1572 3004 desinentem
1595 2934 1721 3006 orificio
1758 2941 1933 3036 angustissi-

399 3051 458 3100 mo
483 3028 543 3111 D,
566 3025 710 3117 liquori
731 3023 879 3117 pondere
892 3021 1127 3112 Atmospbaerte
1145 3019 1267 3109 pressus
1285 3023 1487 3116 ingreditur,
1511 3029 1679 3099 intubum
1706 3033 1778 3104 BE
1802 3036 1933 3111 adscen·

399 3127 466 3211 dit,
493 3122 640 3215 suppone
669 3121 838 3213 usquead
863 3117 1006 3189 medium
1033 3119 1103 3187 tubi
1130 3117 1181 3200 C,
1208 3139 1276 3207 quo
1305 3137 1456 3209 ternpore
1484 3121 1602 3192 caelum
1622 3123 1784 3215 judicatur
1804 3151 1935 3224 tempe·

400 3243 530 3305 tatum3
559 3221 631 3318 jam
656 3217 762 3309 liquot
793 3216 850 3288 suo
881 3215 1029 3305 pondere
1060 3209 1095 3283 dc
1123 3212 1321 3326 elasticitnte·
1342 3215 1440 3286 neris
1470 3218 1505 3329 in
1536 3218 1658 3308 sphaera
1681 3223 1793 3296 inclusr
1825 3228 1871 3298 eil
1894 3233 1927 3302 itr

400 3308 1928 3508 {illlis‘linissetlgiilliffiiilsesilliisilintililil:

401 3534 545 3602 cumque
568 3511 701 3602 spatium
717 3505 854 3597 inquod
876 3504 907 3574 se
933 3507 1088 3594 recipiat,
1112 3503 1313 3589 nonhabet,
1338 3505 1397 3575 nisi
1413 3505 1573 3596 liquorem
1596 3510 1812 3605 aliquousque
1830 3541 1871 3591 ex
1896 3521 1930 3594 C

400 3612 443 3681 ad
466 3609 498 3679 E
524 3606 685 3697 expellat,
708 3600 878 3673 descendit
898 3599 1101 3689 aliquantum
1123 3599 1297 3689 propulsus
1315 3600 1440 3689 liquot:
1465 3603 1563 3675 Caelo
1584 3627 1690 3677 autem
1710 3612 1784 3700 plus
1808 3612 1928 3710 stigen·

404 3729 460 3793 te,
485 3704 537 3774 vel
561 3706 637 3798 igne
664 3720 703 3770 ex
726 3697 849 3790 spbaera
873 3696 905 3767 A
929 3714 1087 3781 exeunte,
1110 3694 1326 3767 condensatur
1352 3696 1428 3769 ner
1453 3701 1486 3770 in
1509 3697 1651 3791 sphera,
1677 3703 1711 3774 dc
1738 3707 1928 3786 decrescen-

404 3826 437 3875 te
466 3801 535 3888 ejus
556 3803 587 3871 vi
607 3797 731 3869 elallica
756 3796 864 3886 liquor
884 3797 917 3863 in
940 3792 1053 3862 tubum
1077 3791 1194 3878 altius,
1219 3791 1248 3861 B
1273 3792 1400 3878 versus,
1424 3794 1616 3885 adleuauit,
1641 3801 1683 3872 ab
1703 3805 1930 3898 atmosphaerae

400 3898 615 3993 praepollente
640 3892 786 3985 pondere
817 3887 960 3979 pressus:
994 3887 1159 3977 Adeoque
1186 3887 1296 3979 liquor
1323 3892 1357 3959 in
1386 3890 1467 3962 tubo
1499 3891 1574 3985 plus
1598 3899 1744 3970 minusve
1765 3900 1930 3980 adscendit

399 4018 454 4068 aut
478 3991 643 4064 descendit
669 4011 730 4081 pro
755 3987 839 4060 varii
866 3984 977 4082 Ignis,
1001 3984 1156 4077 spheram
1186 3985 1313 4082 ingressi
1337 3982 1373 4056 dt
1398 3986 1522 4061 Aerem
1547 3993 1784 4083 rarefacientis,
1804 4004 1925 4094 copid:

399 4093 534 4165 Tabulae
563 4092 597 4160 in
618 4107 735 4180 partes¹
755 4105 834 4155 roo.
855 4082 974 4155 sursum
996 4082 1212 4173 deorsumque
1235 4105 1256 4154 a
1274 4081 1386 4156 medio
1409 4083 1489 4155 loco
1512 4085 1545 4157 C
1571 4087 1695 4177 divisae,
1723 4092 1926 4189 &ejusdem

404 4191 558 4261 actubus
580 4182 812 4349 longitndffis'
835 4180 1015 4252 adnesiitur
1039 4200 1128 4253 totus
1150 4200 1342 4275 apparatus,
1366 4201 1403 4253 ut
1424 4181 1562 4274 liquoris
1583 4187 1616 4256 in
1639 4189 1720 4259 tubo
1746 4213 1856 4266 motus
1878 4200 1925 4268 vi,

403 4289 469 4359 deri
489 4285 592 4355 notari
618 4304 659 4352 ue
680 4301 726 4371 po
751 4299 786 4349 rt.

448 4303 697 4455 Mobilisiqmum
719 4375 765 4446 est
791 4374 858 4445 hoe
888 4371 1216 4467 Tbermoscopium,
1256 4372 1312 4447 sed
1341 4398 1419 4449 curn
1447 4376 1593 4451 instabile
1623 4381 1660 4453 st
1683 4383 1926 4477 Atmospherae

401 4480 548 4575 pondus,
572 4473 806 4568 aquqliquor
829 4470 964 4542 intubo
987 4471 1117 4562 pellitur
1140 4469 1175 4543 dt
1195 4471 1413 4564 suspenditur,
1440 4495 1538 4566 utque
1562 4479 1642 4550 itae
1669 4481 1791 4574 duplici
1811 4487 1924 4573 causa,

401 4579 509 4651 calore
529 4594 648 4668 nempe
665 4567 700 4644 dt
716 4568 942 4660 atmosphaerae
967 4569 1113 4662 pondere
1136 4591 1288 4668 tegatur,
1312 4570 1370 4649 fidi
1395 4569 1609 4650 instrumento
1626 4582 1760 4673 nequire
1785 4582 1819 4654 Si
1835 4587 1924 4657 enim

1880 4684 1923 4753 ab

482 4861 538 4936 (a)
559 4859 663 4921 Nollet
684 4863 798 4940 Leqout
818 4862 931 4942 Phyfiq.
952 4864 1041 4925 Tou.
1062 4879 1089 4936 4.
1106 4882 1172 4943 pag.
1194 4880 1263 4944 379.
1868 4845 1874 4854 ¹

478 4943 539 5022 (i)
559 4941 688 5005 Poleour
709 4944 740 5002 lu
759 4939 882 5006 institue.
903 4943 1011 5008 l’blloi.
1033 4943 1185 5025 Experiar.

1135 5117 1140 5124 .
1227 5038 1334 5115 Llll
