4992 6767
592 674 1155 786 aurnamermumam
1181 668 1238 784 'aa
1266 694 1607 790 canonieus.
1768 718 1854 825 735

322 900 445 974 servate
470 895 727 988 noncontigit,
759 894 886 965 interim
911 890 1113 985 pulcerrima
1136 890 1187 964 hae
1212 890 1389 967 limborum
1412 895 1632 971 coloratorum
1653 898 1850 977 observatio<

322 1019 382 1071 nes
406 996 561 1066 debentur
586 990 674 1064 Rev.
708 990 830 1062 Abbati
865 990 1001 1064 Mazeas
1034 989 1144 1084 (a);
1177 991 1414 1083 dicunturque,
1447 996 1647 1084 normale,
1681 1000 1849 1090 perstare,

322 1094 463 1186 quamvb
487 1112 556 1163 tum
581 1085 718 1162 lamellae
742 1087 866 1180 planae,
894 1109 963 1161 tum
981 1087 1085 1161 lentes
1103 1086 1326 1183 Teleseopicae
1351 1091 1555 1166 includantur
1581 1094 1782 1190 Campanae,
1807 1120 1849 1174 ex

321 1191 387 1282 qus
410 1192 517 1262 omnis
542 1187 612 1260 Λὲτ
634 1186 788 1258 hauritur.

318 1309 323 1318 ’
367 1313 886 1415 §..mocccxxxv111.sr,
911 1314 989 1387 dum
1015 1313 1152 1387 lamellae
1167 1315 1356 1409 compressa.
1381 1315 1488 1391 limbis
1507 1320 1661 1393 eoloratis
1685 1323 1755 1397 sum
1779 1325 1848 1419 ple·

319 1438 394 1500 nae,
419 1414 631 1487 commissuris
653 1413 829 1505 prudenter
854 1433 1038 1503 apponatur
1072 1434 1187 1504 aqua,
1218 1416 1270 1484 vel
1297 1412 1424 1505 spiritus
1448 1419 1543 1502 viui,
1574 1419 1608 1487 hi
1633 1420 1778 1514 liquores
1801 1444 1850 1496 aa·

321 1516 413 1583 tracti
439 1510 584 1584 celeriter
618 1510 841 1606 ingrediuntur
874 1513 962 1580 inter·
986 1510 1098 1581 ambas
1120 1509 1306 1603 superficies
1330 1508 1361 1581 se
1380 1516 1633 1610 contingentes,
1667 1540 1849 1615 omnesque

321 1609 452 1682 colores
476 1610 614 1694 tollunt,
639 1605 730 1679 nullo
756 1606 929 1697 superstite.

372 1732 403 1838 §.
430 1730 787 1810 MDCCCXXXIX.
819 1732 852 1802 Si
878 1731 1107 1822 superficiebus
1126 1731 1326 1804 lamellarum
1350 1737 1449 1825 prius
1465 1731 1561 1807 suerit
1585 1739 1705 1830 aspersa
1729 1742 1849 1835 Aqua,

321 1833 374 1906 vel
395 1834 560 1924 Spiritus,
593 1830 629 1903 dc
662 1851 729 1902 tum
760 1828 877 1900 lamina
907 1829 1044 1901 laminae¹
1059 1834 1244 1919 imponatur
1270 1827 1305 1898 bt
1337 1832 1562 1920 opprimatur,
1598 1837 1706 1908 nullus
1730 1840 1849 1915 limbus

323 1929 489 2000 coloratus
513 1933 631 2001 oritur:
659 1928 718 1997 sed.
741 1926 763 1997 si
790 1925 984 2017 superiorem
1011 1926 1169 1997 lamellam
1194 1928 1227 1996 in
1251 1928 1426 1997 rotundum
1448 1933 1614 2017 moveris,
1640 1956 1676 2005 ut
1698 1958 1740 2008 ex
1765 1938 1847 2012 loeis

322 2027 488 2098 nonnullis
508 2028 583 2098 hinc
610 2027 687 2098 inde
711 2026 905 2115 exprimatur
925 2026 1033 2094 omnis
1054 2022 1185 2114 liquor,
1210 2026 1245 2092 in
1268 2022 1339 2110 his,
1364 2045 1438 2113 quae
1466 2023 1546 2096 scca
1570 2029 1765 2118 evaserunt,
1791 2057 1850 2106 eo·

320 2122 408 2193 lores
430 2144 606 2194 cernuntur
630 2122 728 2194 veluti
748 2123 782 2190 in
809 2123 917 2211 primo
943 2124 1139 2205 tentamine,
1166 2119 1303 2210 suntque
1325 2140 1394 2192 tum
1419 2119 1469 2190 bae
1493 2124 1628 2197 macula
1657 2126 1775 2215 flavae,
1801 2133 1852 2203 vi·

319 2220 426 2305 rides,
451 2241 645 2311 purpureae..
691 2216 834 2289 Colores
859 2218 1027 2307 hucusque
1049 2221 1221 2286 memorati
1249 2218 1394 2303 pendent
1421 2219 1560 2289 aradiis
1582 2221 1663 2293 lueis
1684 2229 1725 2295 ab
1748 2229 1847 2300 inter·

318 2335 339 2482 i
340 2315 567 2484 θρτ1111οκ
588 2318 630 2388 ³⁶
653 2317 850 2480 lissum
863 2313 1075 2475 ,susis
1099 2310 1550 2478 “lali'ssuslsms
1566 2316 1788 2486 dssllll’
1823 2324 1848 2396 ⁶

320 2433 443 2599 pazzar
469 2433 671 2599 [1:3⁸3thqu
692 2502 869 2573 admodum
891 2522 1014 2587 acuto,
1041 2427 1287 2593 gquqqormw
1309 2503 1349 2573 ab
1377 2430 1613 2579 axevisusqad
1635 2439 1849 2590 laminammgel

320 2606 340 2674 s
364 2602 532 2693 superficie
556 2602 704 2686 laminae,
729 2598 936 2689 speclentur.-

372 2723 405 2820 s.
432 2721 698 2797 MDCCCXL.
723 2722 758 2792 si
780 2720 969 2791 laminarum
991 2739 1162 2813 apparatus
1184 2722 1343 2813 spectetur
1368 2726 1409 2794 ab
1433 2726 1534 2798 oculo
1553 2731 1608 2801 sub
1629 2735 1698 2818 iis,
1732 2734 1766 2808 de
1790 2738 1847 2811 adss

325 2821 463 2893 modum
488 2821 638 2909 oblique,
667 2820 795 2889 laminae
822 2816 942 2889 suerint
958 2818 1099 2889 obversae
1119 2820 1232 2908 parieti
1251 2821 1348 2905 albo,
1374 2823 1459 2892 berte
1478 2823 1652 2910 illustrato,
1678 2851 1734 2900 aut
1755 2832 1847 2906 flam·

324 2939 377 2987 ma
396 2916 540 2986 candelae
564 2914 758 3006 superiorem
783 2912 982 3002 superficiem
1004 2915 1255 3001 illuminaverit,
1281 2937 1349 2987 non
1370 2939 1479 2989 autem
1505 2919 1572 3013 ejus
1589 2922 1644 2993 lux
1658 2923 1750 2997 feriat
1765 2949 1848 3002 ocu·

325 3013 426 3095 lunt,
456 3011 547 3083 limbi
580 3011 757 3082 coloratio
782 3008 957 3079 transmissa
990 3010 1064 3079 luce
1089 3009 1218 3078 sonnati
1247 3030 1468 3100 comparent,
1502 3019 1558 3103 qui
1580 3016 1650 3089 sunt
1671 3030 1827 3113 purpurei
1836 3044 1849 3108 ·,

322 3108 456 3180 caerulei
473 3117 495 3193 ,²
518 3106 664 3192 virides,
698 3105 803 3187 flavi,
837 3105 961 3194 sibique
986 3105 1051 3175 sine
1071 3105 1140 3174 ullo
1167 3104 1255 3174 hiatu
1282 3106 1454 3196 adjacent:
1486 3129 1556 3181 nou
1586 3134 1682 3206 aeque
1710 3118 1788 3191 clari
1811 3122 1846 3194 hl

321 3204 517 3278 nauseantes
540 3226 579 3277 ae
603 3206 728 3296 priores
753 3201 897 3292 superius
919 3197 1105 3292 repercuffi,
1131 3199 1212 3269 mibi
1235 3202 1290 3271 visi
1316 3200 1397 3272 sunt.

370 3332 403 3422 §.
428 3330 703 3404 MDCCCXLI.
737 3329 1011 3426 Quotiescunque
1035 3328 1162 3401 laminae
1185 3331 1293 3402 vitreae
1315 3330 1409 3403 aliam
1432 3333 1585 3408 laminam
1610 3339 1777 3431 imposui,
1810 3365 1846 3421 ut

321 3429 489 3520 extemplo
516 3449 583 3500 tota
607 3428 775 3519 superficie
807 3428 1008 3518 superficiem
1038 3426 1169 3498 alterius
1197 3430 1365 3522 tetigerit,
1395 3436 1539 3519 quamvis
1560 3426 1768 3511 vehementer
1787 3464 1846 3534 ap·
1965 3461 1971 3482 2

320 3526 512 3619 presserim,
538 3546 705 3613 nunquam
725 3524 817 3593 limbi
839 3523 977 3593 colorati
1004 3526 1155 3613 prognati
1180 3521 1337 3594 fuerunt:
1368 3524 1423 3595 sed
1448 3548 1717 3622 quantuscunque
1746 3538 1844 3612 suerit

318 3621 548 3712 compressus,
581 3619 820 3709 superficiemm
841 3618 1025 3708 asperitates
1048 3616 1220 3700 efficiunt,
1254 3637 1290 3688 ut
1323 3640 1422 3689 omne
1448 3621 1591 3694 fluidum·
1618 3630 1846 3707 intermedium

321 3740 392 3791 non
423 3719 645 3807 exprimatur,
678 3714 731 3784 sed
758 3735 909 3784 maneant
938 3712 1101 3785 intervalla
1124 3712 1194 3782 satis
1214 3714 1348 3804 ampla,
1381 3737 1441 3805 per
1462 3741 1535 3810 quae
1560 3740 1628 3791 tum
1652 3726 1747 3810 Adr,
1773 3748 1843 3802 tum

320 3818 442 3905 A'qua,
469 3834 537 3884 turn
553 3813 689 3904 Spiritus
712 3807 807 3882 sacile
830 3828 993 3900 permeat,
1018 3811 1111 3880 utiira
1136 3805 1292 3903 §.18382
1317 3810 1464 3884 vidimus.
1515 3817 1679 3910 Adeoque
1702 3821 1844 3903 fluidum

321 3911 457 3999 aliquod
480 3908 706 3981 intermedium
730 3907 776 3977 est
799 3909 883 3977 inter
909 3903 1117 3996 superficies,
1149 3904 1248 3995 idque
1270 3905 1407 3997 speeiem
1432 3910 1559 3984 laminae
1584 3914 1732 4007 format,
1767 3945 1843 4013 quae

321 4007 452 4080 diversae
475 4009 535 4076 erit
559 4003 732 4089 craslitiei,
759 4023 856 4095 prout
877 4002 951 4073 loca
973 4003 1006 4071 in
1030 3998 1203 4092 superficie
1223 4024 1311 4073 nunc
1334 4008 1466 4098 magis,
1499 4032 1586 4081 nunc
1613 4017 1719 4087 minus
1752 4020 1842 4093 disli-

321 4107 435 4176 teritit:
462 4104 686 4195 qualecunque
707 4101 802 4171 suerit
824 4098 982 4171 fluidum.
1006 4096 1116 4169 saltem
1141 4100 1176 4168 in
1202 4097 1236 4165 id
1258 4117 1410 4188 operatur
1432 4100 1542 4195 Ignis,
1569 4112 1644 4194 quia
1664 4112 1756 4181 limbi
1783 4138 1842 4187 co.

321 4202 415 4273 lorati
435 4204 467 4272 in
489 4198 648 4270 calesaslis
670 4199 795 4268 laminis
820 4215 984 4267 mutantur
1006 4194 1132 4288 figura:
1166 4195 1201 4262 in
1225 4193 1260 4261 id
1284 4214 1434 4284 operatur
1466 4199 1562 4268 etiam
1587 4202 1684 4292 Aqua
1707 4202 1741 4275 δι
1763 4207 1841 4283 Vinl

322 4296 476 4387 writes,
501 4299 577 4388 quia
599 4295 632 4364 hi
648 4296 793 4387 liquores
815 4293 933 4363 tollunt
948 4287 1076 4362 colores
1097 4287 1271 4379 irrependo
1295 4293 1376 4361 intra
1395 4292 1596 4386 superficies:
1621 4298 1698 4371 ideo
1715 4304 1843 4380 crassius

323 4398 383 4465 etit
405 4396 545 4485 partibus
567 4394 695 4484 Aqueis
720 4389 755 4462 dt
778 4387 988 4481 Spirituosls3
1021 4408 1096 4458 narn
1129 4387 1152 4456 s
1181 4383 1268 4456 foret
1296 4391 1448 4478 tenuius,
1482 4393 1668 4466 excluderet
1692 4399 1841 4491 Aquam

321 4511 359 4562 ut
378 4491 577 4564 intervallum
599 4497 682 4562 inter
703 4488 885 4580 superficies
913 4507 981 4556 nott
1005 4487 1133 4576 penitus
1161 4483 1328 4577 implerer:
1356 4487 1496 4586 sigitur
1518 4492 1551 4561 id
1578 4489 1718 4568 fluidum
1742 4500 1842 4573 fuerit·

318 4589 411 4669 Μ’
435 4588 562 4677 q⁰³¹⁰¹⁰
586 4588 795 4676 inspifflmffi’
820 4583 904 4656 f⁰ft0
927 4606 969 4655 ⁶¹
993 4582 1061 4675 el⁸¹¹³
1082 4582 1226 4674 partibus
1251 4583 1417 4659 nonnullis
1438 4592 1640 4664 tenuioribus
1660 4595 1840 4687 constabit,

319 4686 468 4774 quamvis
497 4682 724 4766 crailioribus,
759 4706 855 4774 quam
887 4682 956 4752 sunt
986 4701 1092 4773 partes
1118 4683 1244 4771 Aqueae
1271 4677 1306 4751 dc
1332 4683 1541 4776 spirituosae:
1571 4691 1612 4762 ab
1635 4694 1723 4766 Aire
1748 4703 1840 4770 enim

317 4779 507 4881 hujusmodi
524 4779 649 4870 junctas
669 4778 851 4868 superficies
874 4778 968 4851 sa'cile
992 4781 1167 4873 perreptari
1182 4783 1359 4854 innumeris
1381 4785 1521 4863 consistit
1545 4783 1771 4885 &probatum
1790 4791 1839 4865 est

1781 4907 1839 4965 exe

390 4972 450 5054 (a)
466 4974 630 5041 Memosrtr
648 4978 802 5060 pressurae
822 4978 838 5046 s
860 4978 1039 5080 l'stcademse
1061 4983 1211 5132 rqutbaeb
1221 4995 1288 5130 phar.
1311 4987 1358 5060 aa,
