4992 6767
729 694 775 785 n
859 689 901 782 ll
988 691 1207 782 sini-d
1286 693 1329 782 li
1407 689 1460 782 R·
1763 707 1856 821 ῳ

391 909 441 972 2⁰.
474 888 711 968 memnonem
741 890 837 962 etnm
865 885 1079 984 annoiphm
1110 887 1201 986 supra
1221 888 1363 964 nostram
1382 891 1422 964 r'e
1456 889 1556 966 onon
1579 891 1717 989 spirante
1740 898 1849 976 nortl

333 997 386 1074 tel
410 991 598 1084 Aquilone,
624 988 681 1080 qui
700 988 794 1058 venti.
810 985 918 1058 adrem
942 985 1148 1084 redigerent,
1171 984 1422 1063 condensato-i
1516 993 1552 1066 itt
1566 1011 1671 1090 regno
1687 995 1849 1092 Algetlno

333 1092 512 1170 observavit
530 1085 596 1158 Th.
618 1086 717 1159 Shaw
740 1082 837 1178 (a).
883 1084 981 1156 Adeo
1001 1101 1038 1154 ut
1057 1085 1092 1157 in
1109 1086 1376 1182 tnnoeplraemm,
1401 1087 1571 1164 altitudine
1601 1091 1648 1162 ou
1664 1091 1765 1189 frigus
1790 1095 1849 1165 de·

333 1178 928 1274 metientium-supremum
943 1182 992 1251 ab
1014 1182 1227 1254 ornei-latete
1241 1183 1373 1273 induat,
1396 1188 1489 1279 quod
1499 1185 1850 1282 pondere&cnmulo

332 1285 472 1382 pressum
496 1301 604 1380 auget.
654 1276 840 1352 sedetiam
856 1279 1015 1370 Aquiloni
1037 1279 1148 1350 rellstlt
1167 1278 1319 1368 Africus,
1344 1283 1402 1373 qul
1426 1285 1471 1358 eil
1492 1283 1602 1358 Eurue
1624 1287 1667 1359 ab
1684 1287 1850 1360 American

333 1383 496 1457 littoribus
510 1373 833 1473 Septenittiootilbtu
851 1375 898 1447 td.
916 1375 1297 1471 Europamteplinans,
1320 1375 1358 1451 dt
1368 1379 1445 1456 i'ete
1456 1383 1660 1472 continuus,
1683 1385 1781 1460 tltem
1795 1405 1852 1458 tc·

333 1480 505 1556 cumulatae
527 1475 749 1570 atmotplrerae
773 1471 877 1543 cnusn.
1843 1497 1849 1506 ·

386 1595 437 1671 3⁰·
460 1576 569 1647 Altior
582 1589 717 1664 quoque
732 1571 793 1640 erit
807 1567 1047 1653 Mercutiuemi
1062 1590 1178 1642 venms
1192 1593 1235 1644 err
1249 1574 1328 1646 loco
1340 1574 1447 1650 eltluri
1461 1578 1685 1670 amtoepluetae
1699 1577 1851 1653 deorsum

334 1676 377 1748 ad
401 1693 516 1745 terrant
540 1670 790 1751 determinarunt
816 1681 885 1736 tum
906 1669 994 1737 enlm
1017 1666 1151 1751 adrem,
1176 1669 1230 1738 cul
1254 1677 1417 1758 occurrit,
1441 1667 1556 1746 eadem
1582 1671 1759 1748 dirediorre
1780 1689 1860 1770 pre.

332 1776 421 1858 mlt;
453 1787 553 1861 atque
577 1768 631 1840 luc
653 1764 724 1840 not'r
744 1763 834 1836 aliter
855 1762 1235 1858 premit-Mercurium,
1270 1785 1369 1859 quam
1398 1768 1422 1838 li
1452 1789 1471 1838 t
1495 1769 1609 1863 majori
1627 1769 1774 1867 pondere
1796 1791 1853 1871 eg·

441 1885 525 1938 etur.

330 1889 449 2136 {li
464 1961 620 2132 itit
632 1955 1858 2158 ommi„

334 2179 469 2243 norem,
495 2174 545 2228 2⁰.
561 2175 699 2248 propter
714 2107 904 2252 &ritatem
918 2151 1050 2226 audiam
1066 2173 1126 2241 per
1141 2153 1171 2245 i.
1185 2103 1269 2225 'mn
1282 2151 1318 2224 dt
1328 2152 1450 2248 §.sod
1472 2155 1551 2225 ideo
1565 2158 1758 2249 plerumque
1773 2157 1853 2248 hye-

333 2277 416 2337 me,
441 2253 574 2346 quando
595 2253 711 2334 acriter
738 2249 836 2345 stiget
857 2247 893 2320 dt
915 2249 1032 2342 gelat,
1060 2250 1238 2317 mercurius
1259 2250 1295 2316 in
1316 2251 1397 2320 tubo
1420 2250 1517 2320 altior
1538 2251 1586 2322 cll
1610 2275 1707 2342 quam
1732 2253 1858 2326 aellate:

335 2352 412 2425 solet
435 2349 560 2439 laeydae
584 2350 763 2417 mercurius
796 2340 862 2412 elle
889 2339 1051 2412 altislunus
1079 2340 1189 2412 mense
1219 2337 1385 2429 odoini,
1419 2342 1631 2430 Novembri,
1656 2341 1860 2437 Decembri,

334 2449 511 2545 Januario,
537 2441 686 2525 Martio,
711 2456 868 2529 quantum
891 2437 970 2508 milri
991 2437 1117 2509 constat
1140 2457 1181 2509 cx
1205 2440 1480 2512 observationibus
1508 2459 1565 2533 ³0·
1582 2461 1763 2531 annorum,
1789 2445 1859 2538 ple·

337 2563 475 2632 rumque
500 2537 609 2608 mense
632 2536 791 2629 Junutrio
815 2533 886 2605 sunt
905 2536 1053 2607 ennium
1074 2539 1222 2609 maxime
1243 2536 1442 2612 altitudines.
1492 2537 1603 2610 Simile
1626 2541 1707 2636 quid
1730 2543 1764 2612 in
1790 2539 1860 2614 Cu·

339 2644 386 2712 tia
410 2637 608 2708 Rhaetotum
634 2630 794 2704 observati
816 2634 942 2703 notavit
967 2629 1085 2704 Celeb.
1107 2630 1303 2710 hotbertus
1321 2637 1355 2706 ln
1380 2637 1471 2707 Attis
1495 2631 1627 2709 Helm.
1651 2637 1718 2710 vol.
1734 2657 1767 2731 3.
1782 2657 1860 2738 ρος.

340 2753 425 2902 iil·
442 2728 1723 2917 litutintermittunturr‘imrmliti
1738 2734 1859 2903 :lili

338 2947 407 2998 non
430 2943 589 3018 negemus
612 2921 679 2991 hoc
699 2923 734 2991 in
756 2917 910 3012 Helvedt
929 2937 1042 2991 veron
1063 2920 1140 2992 else.
1162 2949 1164 2954 ·
1191 2921 1272 2994 Nilo
1343 2923 1516 3014 inur'saepe
1533 2927 1642 2997 notavi
1654 2921 1861 2999 Mercurium

337 3022 454 3113 hyeme
477 3021 510 3090 in
534 3018 614 3088 tubo
632 3016 811 3087 admodum
834 3013 963 3100 altum,
998 3019 1045 3087 uti
1074 3035 1133 3108 a9.
1161 3017 1244 3108 poll.
1281 3017 1312 3088 8.
1345 3017 1397 3086 ael
1430 3037 1464 3108 9.
1497 3021 1654 3090 lineatum
1678 3037 1735 3093 aut
1756 3021 1861 3110 ultre,

337 3137 400 3191 nec
420 3116 478 3188 niss
502 3115 705 3187 moderatum
725 3113 825 3209 gelu;
849 3132 960 3183 venun
983 3113 1201 3184 descendente
1225 3131 1295 3182 tum
1320 3111 1492 3184 Mercurio
1516 3116 1558 3186 ad
1582 3115 1786 3189 altitudinem
1802 3141 1861 3212 29.

338 3216 407 3308 pol.
430 3213 482 3286 ael
508 3233 565 3303 29.
588 3211 657 3303 pol.
687 3231 717 3281 r.
740 3209 792 3281 tel
817 3230 850 3279 o.
876 3208 933 3279 lin.
959 3209 1036 3305 gelu
1056 3208 1235 3281 admodum
1259 3207 1433 3296 increvisse
1449 3227 1613 3283 unacum
1636 3209 1789 3308 stigoret
1819 3236 1862 3287 an

340 3316 415 3403 quia
437 3331 504 3381 tum
528 3330 638 3401 partes
656 3329 697 3377 ex
719 3306 844 3377 excelse
866 3305 1090 3398 amrosphaerae
1113 3308 1281 3402 regione,
1312 3303 1438 3397 semper
1461 3303 1619 3403 frigidiori
1641 3327 1739 3399 quam
1755 3329 1864 3403 prope

339 3408 492 3493 Terram,
518 3405 722 3476 descendunt
745 3403 786 3516 ad
810 3400 946 3472 Terram
975 3401 1114 3516 &fiiri
1137 3423 1242 3494 prope
1267 3402 1369 3473 solum
1391 3401 1492 3499 frigus
1519 3401 1647 3501 &gelu
1664 3405 1837 3479 adserunt?

340 3495 1861 3695 pnlilitllllilzlitt'flililiilillillltiliilitiillillll‘li

340 3702 434 3793 piger
457 3693 492 3764 dt
516 3690 706 3780 tranquiline
729 3707 877 3773 nuncet,
902 3688 1062 3778 plurimos
1082 3707 1218 3780 vaporet
1242 3691 1388 3786 colligit,
1403 3711 1551 3783 tumque
1565 3691 1752 3766 Mercurius
1766 3715 1864 3788 aeque

341 3796 459 3884 hyeme
481 3811 519 3861 ac
545 3787 653 3859 aestate
675 3789 707 3854 in
731 3787 812 3856 tubo
835 3784 960 3875 semper
979 3783 1173 3856 adscendere
1194 3786 1388 3856 observatur.

394 3892 445 3961 6⁰.
477 3890 512 3960 si
540 3886 627 3957 aens
649 3883 817 3953 elaliicirat
840 3881 1051 3966 interdatur,
1084 3883 1248 3974 praecipue
1281 3884 1314 3951 in
1333 3883 1561 3975 atmoaplroerat
1583 3891 1720 3984 regione
1743 3888 1860 3964 inune

339 3990 392 4064 vel
416 3985 547 4057 medii:
573 4003 640 4052 tum
661 3982 749 4050 caim
771 3980 880 4048 omnin
903 3997 1042 4066 corpore
1065 3975 1202 4070 subiecit
1227 3980 1300 4070 plus
1315 3999 1520 4069 prementur,
1547 3979 1582 4051 dt
1606 4005 1742 4079 quoque
1766 3986 1861 4058 Mer·

340 4087 446 4160 curius
471 4089 503 4152 in
528 4080 633 4150 tubo:
666 4075 789 4147 intendi
814 4074 918 4164 potest
940 4075 1146 4146 eiussicitasl
1173 4076 1339 4146 nonnullis
1370 4076 1565 4149 anhelitibus
1587 4082 1607 4151 ὲ
1634 4083 1721 4153 terrai
1745 4083 1866 4174 expul-

340 4185 401 4268 fis,
427 4181 467 4250 ab
491 4181 568 4273 igne
592 4173 685 4257 solit,
711 4176 753 4243 ab
776 4175 853 4268 igne
879 4170 1107 4257 subterraneo,
1131 4172 1268 4264 aliisque
1287 4172 1399 4243 cauis.
1724 4235 1727 4240 .

387 4300 417 4400 ς.
444 4293 660 4370 mmuxxl.
686 4291 803 4365 Minus
826 4311 991 4382 premetur
1015 4289 1201 4364 Mercurius
1222 4292 1369 4379 intubo,
1393 4289 1649 4384 latmorplrnra
1666 4291 1770 4364 levior
1786 4291 1862 4382 flata

340 4399 431 4493 quod
458 4398 629 4492 contingit.
682 4411 729 4461 ιο.
756 4388 790 4459 Si
812 4409 831 4457 a
854 4390 1194 4482 vendrimpetuosrs,
1229 4410 1284 4462 aut
1307 4391 1349 4462 ab
1375 4385 1658 4463 effervescentibus
1683 4389 1861 4463 exhalatio·

339 4499 436 4571 nibus
455 4517 530 4584 pars¹
552 4489 700 4582 quaedam
725 4485 811 4560 a'e‘ris
836 4507 876 4558 ex
900 4486 957 4559 suo
980 4486 1058 4564 loco
1083 4488 1259 4579 abripitur;
1283 4487 1360 4561 hinc
1381 4489 1468 4582 quali
1492 4488 1628 4580 aliquod
1650 4511 1790 4562 vacuum
1804 4490 1863 4576 iit,

338 4598 374 4665 in
400 4590 489 4681 quod
514 4589 647 4679 quidem
666 4607 739 4676 pots
762 4585 905 4675 superior
929 4583 1063 4671 influit,
1087 4583 1142 4656 sed
1166 4585 1376 4660 nihilominus
1394 4591 1503 4660 minor
1526 4587 1610 4659 teris
1635 4590 1731 4680 copia
1754 4591 1863 4685 regio·

338 4695 375 4766 ni
397 4689 444 4762 illi
469 4685 604 4758 terrestri
628 4683 836 4772 imminebit;
868 4685 914 4755 ob
943 4705 1042 4780 quam
1072 4682 1200 4759 causam
1231 4683 1418 4761 Mercurius
1445 4691 1480 4763 in
1506 4685 1587 4764 tubo
1607 4689 1715 4768 lill'lllls
1737 4683 1864 4860 μεάίῖῑῖ

405 4915 410 4925 t

413 4976 474 5059 (a)
497 4971 620 5041 Trartlr
635 4987 667 5039 to
682 4973 808 5052 nuum
821 4990 889 5055 pag.
904 4983 974 5060 ari.
1086 5035 1089 5042 .
