4992 6767
643 682 729 790 aa
1100 665 1251 759 na
1396 665 1723 784 nonu

652 943 656 948 ,
697 865 731 957 §.
757 857 986 936 MDX-XXV.
1011 863 1225 958 Exploranda
1247 868 1343 963 igitur
1364 865 1436 937 sunt
1453 865 1574 934 omnia
1598 884 1758 953 corpora,
1793 884 1867 954 quae
1893 863 1963 937 sunt
1989 868 2023 939 in
2047 870 2175 963 tribus,

648 974 693 1043 ita
716 965 867 1048 vocatis,
900 961 1055 1061 Regula,
1087 961 1122 1036 δι
1152 967 1333 1036 eruendum
1365 963 1383 1033 A
1409 982 1553 1053 quonam
1578 960 1680 1054 gradu
1703 960 1819 1030 caloris
1844 962 2002 1054 incipiunt
2029 970 2181 1057 refundi,

649 1072 685 1140 in
709 1083 854 1156 quonam
878 1060 949 1133 sunt
972 1066 1100 1155 penitus
1123 1061 1245 1147 refusa,
1271 1065 1305 1132 in
1327 1081 1474 1153 quonam
1499 1057 1679 1144 ebulliunt,
1704 1077 1838 1148 oportet
1863 1078 1900 1130 ut
1923 1060 2060 1136 laxitatis
2074 1070 2181 1142 modo

649 1162 799 1237 indicatae
821 1160 917 1232 stmus
939 1183 1123 1248 memores,
1149 1181 1210 1233 nec
1230 1157 1416 1253 hujusmodi
1433 1156 1608 1228 tentamina
1626 1154 1668 1225 ad
1692 1175 1790 1263 tenue
1815 1155 1938 1227 elimari
1962 1162 2077 1251 polle;
2104 1190 2184 1241 nam

651 1263 760 1340 omnis
781 1259 883 1350 adeps
911 1281 953 1330 ex
969 1282 1165 1351 quacunque
1191 1280 1285 1349 parte
1303 1258 1452 1348 corporis
1480 1257 1515 1326 in
1538 1252 1668 1352 animali
1693 1252 1840 1338 eodem,
1874 1276 1942 1326 non
1967 1279 2060 1347 aeque
2084 1264 2184 1338 facile

650 1353 848 1436 refunditur:
882 1347 950 1428 im'o
982 1351 1174 1448 discrepat,
1206 1373 1307 1445 prout
1334 1352 1454 1424 animal
1483 1352 1664 1452 arnostus,
1698 1371 1767 1440 quo
1790 1352 1957 1424 tenerioris
1987 1355 2095 1429 atatis‘
2112 1361 2187 1433 fue.

651 1459 712 1530 rit:
740 1477 810 1526 tum
838 1477 937 1547 prout
959 1460 992 1538 in
1015 1449 1105 1528 uario
1127 1451 1197 1523 solo
1224 1452 1378 1523 creverit:
1405 1449 1439 1519 id
1464 1449 1667 1520 manifestum
1697 1447 1743 1518 est
1767 1447 1802 1518 in
1827 1450 1924 1539 adipe
1938 1451 2079 1538 bovina,
2107 1481 2182 1548 quae

652 1575 695 1638 ex
724 1551 836 1624 Rullia
857 1553 1025 1632 advehitur
1038 1603 1059 1640 ‚.
1086 1572 1156 1623 tum
1186 1570 1262 1642 quae
1284 1547 1383 1619 estin
1408 1545 1518 1618 bubus
1543 1543 1776 1618 Hollandicis:
1810 1543 1917 1618 differt
1941 1552 2040 1622 etiarn
2066 1555 2183 1650 Adeps

651 1673 714 1747 pro
733 1652 824 1723 vario
845 1651 1008 1724 Animalis
1030 1639 1214 1721 alimento:
1240 1645 1352 1729 Sues,
1378 1668 1451 1736 quae
1476 1642 1653 1740 glandibus
1677 1664 1879 1730 vescuntur,
1905 1635 2034 1738 a'dipem
2060 1651 2184 1728 habent

649 1751 785 1834 duan,
812 1771 885 1839 quae
909 1749 955 1820 est
981 1747 1180 1818 indeliciis:
1207 1744 1230 1814 st
1252 1764 1421 1816 vescantur
1444 1741 1514 1812 sero
1539 1739 1649 1813 Laslis
1674 1738 1710 1814 ἃ
1735 1739 1874 1835 Farina,
1899 1745 2001 1837 adeps
2026 1749 2073 1819 est
2097 1752 2184 1825 mol·

649 1846 735 1926 lior:
777 1847 812 1918 Si
835 1846 961 1938 alantur
980 1844 1108 1914 refiduo
1139 1840 1350 1913 crassamento
1372 1841 1398 1913 'a
1428 1840 1549 1932 Spiritu
1579 1837 1763 1926 frumenti,
1795 1841 1897 1935 adeps
1919 1844 1966 1915 est
1991 1847 2183 1937 moliffima,

494 1976 499 1986 ·
648 1943 790 2029 Oleosa,
815 1941 959 2014 citissime
980 1937 1092 2034 refusa.
1139 1939 1273 2024 Dubito
1294 1962 1338 2018 an¹
1359 1941 1445 2032 uaria
1465 1935 1542 2008 anni
1566 1936 1738 2029 tempestas
1762 1940 1859 2010 etiam
1884 1963 1952 2012 non
1976 1941 2090 2016 inserat
2113 1946 2182 2021 dis·

648 2031 790 2112 crimen:
818 2037 871 2109 sed
892 2039 1010 2127 hyeme
1034 2040 1208 2108 tentamina
1231 2033 1306 2130 feci.
1331 2027 1478 2118 'Paene
1501 2055 1624 2118 mutum
1640 2037 1747 2108 volui:
1773 2036 1940 2128 explorata
1954 2061 2096 2133 corpora
2110 2039 2182 2117 uas·

647 2138 731 2222 culis
754 2137 867 2208 immifi
890 2135 1122 2234 porcellaneis.
1146 2138 1280 2226 quaein
1304 2133 1482 2207 rotundum
1506 2131 1703 2205 extrinsecus
1727 2134 1769 2204 ab
1785 2134 1883 2226 Aqua
1906 2138 2130 2216 ambiebantur
2144 2145 2183 2216 in

647 2232 759 2325 amplo
783 2231 856 2314 vase
886 2223 1074 2304 metallico:
1099 2232 1246 2303 Sollicite
1265 2233 1452 2322 cavebam,
1486 2252 1529 2328 ne
1552 2230 1652 2320 Aqua
1678 2227 1712 2302 in
1745 2230 1874 2305 vascula
1899 2235 2105 2325 porcellanea
2127 2242 2181 2320 in·

648 2309 788 2416 Auereu
813 2319 973 2401 insistebat
1002 2317 1052 2398 h'is
1080 2350 1215 2420 quoque
1240 2317 1541 2400 Thermometrum'
1556 2327 1756 2399 Mercuriale
1791 2329 2053 2428 Fahrenheytii,
2085 2333 2182 2410 undi-

647 2449 777 2519 quaque
812 2449 831 2496 a
858 2428 1053 2519 corporibus
1074 2425 1292 2518 ,explorandis
1327 2425 1492 2497 offusum:
1531 2429 1607 2522 igne
1640 2425 1768 2498 subdito
1800 2426 1978 2503 solutiones
2010 2432 2182 2528 sequentes

642 2521 820 2602 obseruata
844 2523 926 2596 stunt.
1204 2561 1212 2570 ·
1249 2563 1252 2568 ·
1371 2545 1373 2551 ·
1763 2572 1765 2576 ψ

652 2727 660 2806 ἰ
754 2723 973 2830 .“‘.²³.?'
1069 2703 1339 2830 'Cotpsrb'ex
1369 2717 1504 2827 Regno
1532 2715 1723 2806 Animal.
1848 2755 1850 2760 v
1920 2771 1924 2776 -
2013 2759 2017 2766 ·
2104 2767 2170 2788 ··

603 2929 610 2938 ¹
651 2921 678 2928 ’
704 2963 735 3016 ι.
763 2927 1041 3038 Αᾶέριῖιιίιιιιηι
1058 2933 1201 3035 ειι“ρε“ι1ο
1218 2942 1337 3015 adultae
1353 2927 1504 3014 'nitilieris
1523 2941 1654 3036 penitus
1671 2939 1773 3014 refusa
1796 2943 1829 3013 in
1854 2929 1956 3040 gradu
1982 2968 2041 3041 43.
2064 2954 2098 3025 in
2118 2974 2175 3026 ca.

642 3037 712 3128 lure
736 3041 920 3136 produt„
934 3039 1172 3130 nondumpmt
1194 3039 1314 3128 firma,
1346 3040 1468 3112 etiamst
1498 3038 1759 3131 spillrorquam
1778 3060 1878 3115 ante:
1911 3061 2037 3120 tantum
2060 3050 2175 3145 elapso

641 3135 696 3205 die
719 3137 753 3206 in
776 3127 978 3230 graduum*
996 3136 1118 3226 spillata'
1140 3135 1203 3209 fuit
1217 3141 1238 3223 ,'
1255 3135 1291 3207 &
1315 3139 1348 3208 in
1371 3137 1560 3209 densitatem
1587 3140 1700 3208 coivit.

691 3256 725 3303 ι.
750 3232 910 3321 butyrum
933 3231 1051 3305 slavum
1077 3236 1220 3307 aestivum
1242 3234 1476 3307 Hollandicu'm
1493 3237 1610 3327 incipit
1634 3234 1815 3327 liquescere
1840 3240 2001 3336 ingratia
2028 3243 2085 3338 84.
2110 3265 2171 3342 pe·

639 3323 1153 3425 uittu'rclusumt'imgmdn'tdll.
1180 3349 1206 3394 '1
1246 3333 1344 3394 ini·
1419 3357 1464 3394 Α
1553 3333 1574 3370 ²
1631 3334 1634 3340 '
1916 3341 2002 3408 ,TI-f
2057 3351 2059 3356 '

650 3463 661 3476 ·
689 3447 725 3520 3.
748 3425 870 3518 Adeps'
885 3428 1149 3502 bovinattenalis
1170 3449 1274 3521 pura,
1299 3431 1403 3503 refusa
1426 3432 1530 3504 modo
1556 3436 1589 3503 ln
1614 3431 1717 3528 gradu
1747 3453 1831 3526 104.
1856 3477 1860 3504 t
1889 3497 1893 3504 .

653 3547 656 3552 ·
683 3539 724 3617 ’4.
748 3523 900 3597 llsladulla
922 3547 1085 3598 exterere
1105 3529 1229 3599 bovino
1252 3529 1358 3602 refusa
1378 3534 1412 3602 in
1437 3530 1539 3626 gradu
1558 3529 1799 3621 .104.-spillata
1823 3535 1988 3630 ingr-adu
2012 3558 2072 3631 72.
2142 3603 2145 3608 .

689 3639 724 3715 5.
750 3623 1020 3716 Adepsuitulina
1045 3627 1180 3710 tenalis,
1205 3647 1306 3717 pura,
1332 3628 1461 3720 liquida¹
1480 3632 1515 3699 in
1541 3628 1644 3725 gmdu
1674 3633 1753 3699 to'o.
1778 3627 1864 3702 adeo
1886 3652 1923 3704 ut
1939 3655 2023 3708 aetas
2046 3640 2169 3713 anima·

635 3718 675 3794 lis
696 3720 838 3793 faciliori
857 3722 963 3813 adipis
996 3722 1148 3793 solutioni
1174 3721 1298 3813 aliquid
1322 3721 1480 3798 conserat.

643 3821 667 3862 ·'
683 3820 719 3890 6.
745 3820 865 3907 Adeps
890 3818 1000 3887 Ovllla
1022 3818 1157 3901 sedalis,
1181 3839 1285 3909 pura,
1311 3843 1434 3895 tantum
1459 3825 1580 3916 liquata
1604 3829 1640 3896 in
1662 3822 1765 3919 gradu
1793 3846 1876 3916 124.

650 3962 656 3972 ·
685 3932 720 4007 7.
748 3915 867 4083 Ade6ps
892 3914 1059 4003 Certim,
1090 3937 1200 4009 puta,
1232 3919 1346 4013 incipit
1366 3921 1460 3995 fundi
1480 3925 1514 3994 in
1539 3922 1641 4019 gradu
1671 3943 1751 4010 104.
1777 3928 1907 4011 penitus
1929 3925 2102 4017 liquefasla
2127 3936 2164 4006 in

714 4029 942 4083 ιιιι.’
1294 4069 1501 4076 -

632 4012 716 4184 ml?
743 4111 861 4203 Adeps
881 4107 1025 4203 equina,
1050 4133 1131 4204 pura
1149 4165 1174 4199 ‚-
1191 4119 1290 4209 caepit
1312 4115 1492 4213 liquescere
1512 4111 1546 4188 in
1561 4109 1563 4114 ’
1570 4117 1672 4214 gradu
1696 4137 1761 4209 90.
1778 4119 1910 4206 penitus
1934 4120 2103 4211 liquefacta
2127 4129 2165 4200 in

686 4209 733 4280 'du
757 4209 817 4301 96.
846 4209 987 4283 Misceri
1008 4209 1089 4282 solat
1111 4233 1187 4286 cum
1207 4219 1284 4308 pice
1304 4218 1453 4312 liquida,
1480 4233 1547 4309 qua·
1569 4218 1668 4316 lintea
1692 4215 1868 4309 picantu'r3
1900 4221 2008 4320 picam
2029 4241 2166 4295 manent

655 4308 794 4379 esibilia.
1113 4353 1118 4362 ·
1265 4331 1269 4342 ·
1577 4349 1580 4356 ·
1680 4331 1767 4342 ·’
2160 4345 2166 4352 ·

553 4477 556 4481 s
677 4425 713 4494 9.
739 4405 854 4499 Adeps
878 4404 997 4478 renalis
1020 4406 1137 4498 suilla,
1169 4434 1278 4504 pura,
1310 4413 1480 4507 plane-est
1512 4403 1613 4508 resusa
1640 4414 1674 4508 in
1700 4413 1802 4514 gradu
1827 4410 1943 4484 caloris
1973 4435 2051 4485 too.
2092 4418 2161 4490 Sed

630 4500 743 4589 majori
764 4505 874 4575 calore
897 4525 982 4594 opus
1009 4506 1055 4576 est
1073 4530 1191 4601 nempe
1210 4512 1301 4609 grad.
1331 4504 1410 4584 168.
1436 4529 1473 4581 ut
1493 4507 1644 4580 fundatur
1668 4509 1794 4581 lardum
1818 4505 1861 4581 ex
1886 4511 2003 4597 dorso,
2029 4517 2061 4584 in
2087 4535 2159 4607 quo

631 4595 731 4686 adeps
761 4602 807 4669 est
837 4600 992 4684 crassior,
1017 4599 1053 4673 δι
1077 4608 1240 4686 densior„
1265 4610 1351 4707 Quae
1380 4608 1427 4680 est
1455 4611 1489 4678 in
1510 4605 1711 4680 Mesenterio
1741 4607 1888 4682 funditur
1912 4613 2073 4710 itt-gradu
2096 4635 2159 4707 94.

631 4691 703 4792 haec
728 4698 861 4790 quidem
884 4699 1060 4772 tenuissima
1082 4705 1145 4775 elle
1166 4708 1304 4780 videtur.

683 4815 738 4864 10.
762 4793 875 4886 A'deps
897 4796 981 4888 Apri
1007 4821 1049 4871 ex
1074 4803 1196 4889 dorso,
1230 4808 1360 4895 penitus
1385 4801 1488 4876 refusa
1521 4806 1555 4878 in
1579 4804 1681 4902 gradu
1706 4824 1766 4901 74.
1791 4806 1974 4901 spissescere
1998 4811 2095 4901 caeplt
2120 4814 2156 4883 in

626 4890 732 4991 gradu
753 4893 812 4968 68.
833 4897 964 4991 penitus
982 4899 1018 4973 in
1034 4899 1223 4976 densitatem
1246 4906 1347 4980 coivit
1370 4904 1405 4975 in
1430 4902 1533 5002 gradu
1557 4904 1617 4976 60.
1677 4995 1686 5002 ..
1751 4951 1788 5004 ς,
2037 4998 2095 5076 Μ

1365 5036 1370 5048 ·
1452 5015 1456 5024 ·
1823 5017 1861 5023 ’·
1954 5024 2011 5078 ιι.
2096 5024 2156 5097 eps
