4992 6767
560 706 642 809 ⁶84
890 691 991 780 Da:
1046 691 1747 826 auoearnanaraua

562 899 672 976 ciunt,
697 908 793 981 quam
818 889 852 960 in
875 891 991 961 intimo
1015 884 1165 970 satellite,
1192 883 1324 958 &ideo
1349 888 1508 960 aberratio
1532 908 1551 957 a
1576 886 1739 971 Tabulis,
1765 891 1797 958 in
1823 890 1941 979 quibus
1967 910 2076 964 earum

562 992 645 1062 ratio
665 1008 733 1059 non
754 986 815 1056 fuit
838 987 966 1069 habita,
991 985 1088 1053 debet
1114 983 1289 1074 aliquando
1311 985 1378 1055 ficri
1408 985 1537 1077 major,
1562 1007 1659 1076 quarn
1686 1006 1720 1054 ut
1745 986 1870 1056 luminis
1894 987 2077 1079 impensum

565 1106 693 1177 tempus
723 1086 757 1155 in
782 1083 1001 1174 percurrendo
1034 1079 1134 1170 spatio
1157 1102 1176 1149 a
1198 1081 1283 1173 Jove
1309 1082 1350 1151 ad
1379 1079 1514 1153 Terram
1539 1081 1688 1177 dignosci
1712 1081 1844 1173 possit,
1864 1105 1938 1155 cunr
1965 1084 2002 1154 stt
2027 1086 2083 1156 vel

563 1183 628 1253 hoc
650 1202 797 1272 tempore
821 1184 956 1264 minus,
989 1178 1040 1250 vel
1064 1176 1214 1264 aequale,
1248 1178 1299 1247 vel
1320 1179 1447 1271 maius:
1480 1179 1561 1251 ldeo
1593 1180 1740 1269 plurimae
1764 1199 1854 1248 erant
1878 1182 2081 1253 instituendae

565 1278 805 1351 observationes
825 1281 858 1347 in
877 1275 1060 1366 Eclipsrbus
1085 1273 1283 1359 Satellirum3
1310 1271 1346 1344 δι
1366 1276 1594 1349 accuratillime
1618 1275 1742 1367 semper
1767 1277 2004 1364 computandus
2029 1279 2081 1347 lo·

563 1397 623 1447 eus
645 1373 738 1466 Jovis
760 1368 795 1442 dt
818 1373 947 1456 Terrae,
972 1369 1226 1440 eccentricitates
1251 1373 1427 1442 orbitarum
1456 1373 1732 1457 determinandae,
1758 1392 1793 1441 ur
1818 1370 1972 1441 distantiae
1998 1395 2083 1445 verae

564 1472 759 1543 haberentur
783 1472 804 1541 a
831 1469 952 1552 'l'erra,
978 1488 1046 1537 tutu
1071 1466 1194 1535 umbra
1217 1466 1310 1557 Jovis
1333 1468 1541 1565 magnitudo,
1568 1470 1661 1550 litus,
1688 1467 1883 1539 &tranlitus
1901 1467 2082 1541 Satellitum

562 1590 624 1660 per
646 1566 793 1636 umbram
815 1563 1054 1656 supputandus,
1080 1558 1115 1630 &
1138 1564 1277 1651 proinde
1297 1568 1330 1636 in
1354 1564 1488 1636 Tabulis
1510 1565 1716 1661 vulgaribus,
1742 1568 1775 1636 in
1800 1565 1915 1656 quibus
1934 1562 2043 1637 caffin

563 1663 632 1736 fere
659 1662 729 1731 hec
753 1664 863 1731 omnia
885 1660 1090 1756 neglexerat,
1116 1662 1315 1750 aquationes
1336 1684 1431 1733 nouae
1456 1684 1545 1733 erant
1569 1664 1745 1748 addendae,
1771 1682 1806 1732 ut
1833 1681 1979 1751 tempora
2003 1664 2081 1735 ecli-

564 1760 668 1857 pssunt
689 1760 868 1828 accuratius
896 1775 1131 1840 noscerentur,
1165 1776 1301 1848 tumque
1323 1760 1426 1831 modo
1445 1780 1573 1852 poterat
1596 1781 1670 1830 vera
1695 1761 1823 1829 luminis
1847 1758 2000 1830 velocitas
2025 1760 2081 1832 de·

564 1856 659 1928 finiri.
725 1853 898 1946 Ejusmodi
929 1852 1128 1924 Tabularum
1165 1858 1385 1926 corrediones
1416 1878 1459 1927 ex-
1492 1858 1667 1928 innumeris
1699 1857 1973 1928 observationibus
2005 1854 2082 1930 fecit

564 1951 733 2026 Poundius
756 1952 843 2044 (a).
902 1947 1033 2044 Quibus
1048 1949 1115 2040 jam
1138 1947 1263 2021 effedlis
1290 1951 1459 2023 manifesto
1488 1974 1528 2023 ex
1553 1955 1704 2025 omnibus
1730 1951 1914 2022 satellitibus
1936 1952 2080 2041 constat,

562 2048 694 2120 Lumen
718 2047 944 2137 temporem.
972 2047 1020 2131 8,
1060 2044 1148 2137 agl,
1179 2049 1382 2118 intervallum
1411 2052 1495 2120 inter
1527 2049 1637 2120 Solem
1665 2048 1698 2121 dt
1725 2049 1859 2119 Terram
1884 2068 2079 2141 percurrere.-

563 2142 647 2216 Haec
670 2147 780 2214 omnia
806 2143 932 2233 prolixe
955 2138 990 2216 dt
1015 2145 1147 2235 egregie
1168 2146 1332 2232 expedivit
1355 2145 1518 2215 Entdttiii.
1545 2146 1731 2219 Boscovich·
1752 2147 1844 2239 (b).

613 2259 664 2311 20.
690 2239 837 2328 Tempus
870 2238 932 2305 labi
967 2238 1044 2305 dum
1073 2235 1146 2305 Lux
1172 2260 1191 2306 e
1215 2240 1323 2308 Stellis
1351 2242 1392 2309 ad
1423 2241 1558 2312 Terram
1591 2246 1782 2332 procurrit,
1816 2264 1857 2312 ex
1880 2247 2080 2320 aberratione

563 2335 790 2419 concludittrt;
817 2353 891 2403 nam
916 2329 1082 2422 Hallejus,
1108 2332 1334 2417 Manlredius,
1359 2334 1604 2421 Horrebovius,
1632 2340 1878 2423 lilolinenxius,
1903 2341 2079 2430 Bradleyus

563 2435 775 2514 detexerunt,
801 2428 914 2501 Stellas
940 2427 1047 2511 lixas,
1072 2449 1139 2520 ope
1166 2432 1257 2513 tubi,
1282 2431 1377 2502 lirino
1406 2454 1500 2504 muro
1526 2434 1660 2521 inserti,
1695 2438 1900 2525 instrueiique
1925 2437 1986 2507 filis
2013 2440 2081 2511 Mi·

560 2532 736 2611 crometri,
762 2548 835 2598 toto
854 2528 930 2596 anni
956 2524 1114 2609 decursu,
1140 2547 1208 2596 non
1233 2530 1273 2597 in-
1292 2529 1411 2599 eodem
1437 2529 1568 2620 spectari
1595 2531 1699 2614 loco,
1726 2532 1836 2604 sedin
1861 2537 1973 2618 variis3
2000 2535 2081 2606 Stel,

562 2631 673 2718 lasque
698 2624 863 2697 nonnullis
891 2620 999 2712 subjici
1022 2623 1306 2707 aberrationibus,
1332 2625 1482 2715 elipticos
1508 2629 1593 2718 quast
1620 2630 1785 2700 volventes
1810 2631 1923 2700 orbes:
1958 2633 2099 2722 Aliqua¹

561 2745 601 2795 ex
622 2741 728 2793 annua
757 2717 916 2811 parallarri-
934 2717 1204 2805 ex-speeiabatur3
1236 2741 1348 2789 uerum
1381 2724 1414 2789 ti
1444 2744 1511 2794 non
1545 2724 1745 2815 respondent
1765 2730 1981 2798 aberrationes
2006 2729 2082 2799 fixas

567 2840 667 2896 raim.
693 2836 756 2887 nec
777 2815 922 2906 pendent
945 2836 962 2881 a
987 2812 1253 2893 reiraeiionibur,
1279 2837 1380 2886 neca
1403 2823 1570 2889 nutatione
1594 2823 1660 2888 axis
1687 2825 1855 2894 terrestris:
1881 2844 2019 2894 attamen
2037 2823 2084 2895 fas

560 2914 623 2986 eilc
644 2908 679 2982 ἃ
702 2911 788 2981 clane
808 2908 1016 2980 demonstrari
1043 2908 1194 3001 poliunt,
1221 2911 1243 2979 st
1271 2912 1334 2980 luci
1357 2933 1475 2982 motus
1492 2914 1678 2985 successivus
1703 2918 1835 2989 estellis
1853 2919 1923 2989 fixis
1942 2921 1983 2989 ad
1998 2919 2081 2992 Ter·

560 3032 655 3093 ram,
682 3005 717 3077 dt
742 3007 853 3079 Terrae
877 3024 987 3076 motus
1007 3026 1133 3077 annuus
1159 3009 1245 3077 circa
1273 3006 1382 3077 Solem
1407 3012 1590 3092 tribuatur,
1624 3015 1900 3099 quemadmodum
1926 3015 2081 3088 solertillr·

561 3129 633 3181 mus
654 3104 830 3192 Bradleyus
847 3122 999 3193 peracute
1024 3104 1164 3188 invenit,
1192 3100 1468 3197 &elegantilltme
1483 3105 1711 3177 demonstravit
1725 3110 1824 3202 (a),
1849 3112 1940 3202 cujus
1963 3113 2083 3186 dobin,

561 3227 602 3278 na
626 3222 739 3273 contr-a
761 3202 898 3272 aliorum
918 3198 1119 3270 difficultates
1142 3198 1222 3292 (d)
1245 3197 1430 3269 inconculla
1454 3219 1574 3271 manet.
1624 3200 1757 3273 Terram
1784 3209 1871 3277 enirn
1897 3209 2084 3299 supponere

561 3308 758 3383 immotam,
793 3294 827 3367 dt
855 3296 967 3367 Solem
991 3298 1148 3389 vertigine
1168 3295 1294 3365 ailidua¹
1310 3299 1395 3365 circa
1416 3299 1618 3366 eam-rotari
1643 3319 1684 3368 ex
1709 3304 1878 3370 autoritate
1904 3304 1937 3370 S.
1965 3306 2000 3375 S.
2027 3325 2099 3396 pav·

562 3420 673 3481 oum,
699 3396 744 3467 est
770 3395 830 3464 lrac
854 3390 1040 3483 tempeliate
1062 3391 1146 3462 lusus
1167 3396 1212 3462 in·
1226 3413 1261 3463 re
1287 3389 1391 3461 seria:
1426 3391 1500 3462 Nec
1523 3396 1625 3487 magis
1650 3394 1805 3492 stringunt
1829 3398 1986 3468 nonnulla
2010 3402 2087 3471 loca

563 3519 604 3567 ex
633 3495 666 3565 S.
699 3495 733 3564 S.
763 3493 863 3584 petita
893 3486 928 3560 dr
958 3489 1042 3559 male
1072 3487 1259 3572 intellecta,
1293 3507 1349 3558 aut
1371 3489 1520 3573 inversa,
1553 3493 1599 3557 uti
1625 3489 1704 3561 olim
1729 3493 1756 3561 i.
1773 3492 1885 3562 multis
1908 3496 2086 3584 probatum

561 3589 623 3665 fult
676 3615 696 3661 e
725 3643 734 3662 .
1199 3599 1203 3606 ’
2001 3590 2011 3607 ”

613 3591 669 3782 3⁰5
689 3592 817 3759 Eucem
838 3682 944 3767 Solis,
966 3679 1065 3752 radiis
1084 3681 1287 3752 constantem
1307 3682 1385 3752 fere·
1401 3678 1578 3774 parallelis,
1604 3703 1678 3775 ope·
1695 3684 1838 3775 sphaerici
1863 3692 1998 3760 concuti
2018 3690 2085 3782 spe·

563 3787 651 3866 suli,
679 3783 730 3850 vel
753 3784 825 3849 vitri
851 3780 1011 3860 converti,
1036 3796 1058 3841 a·
1068 3775 1222 3863 parallelo
1238 3777 1297 3842 fitu
1314 3797 1540 3862 removemus,
1567 3775 1605 3849 dv
1628 3784 1715 3851 utin
1738 3778 1850 3852 focum
1876 3789 1993 3871 coiat,
2017 3788 2084 3858 effi*

565 3883 681 3949 aimus.
732 3872 798 3942 Hic
831 3868 977 3940 deflexus
1001 3866 1169 3936 'radiorum
1195 3868 1224 3939 b
1240 3873 1340 3957 priori
1357 3872 1413 3941 vil
1437 3875 1560 3965 absque
1585 3882 1811 3973 motu-peragi
1835 3886 1986 3973 nequit,
2015 3904 2084 3954 turn

564 3992 643 4045 veto
664 3968 772 4039 radios
796 3985 977 4056 eorumque
999 3982 1106 4056 partes
1132 3963 1405 4037 vehementissime
1430 3974 1583 4058 moveri,
1614 3993 1655 4045 ex
1688 3974 1943 4065 impetuolilllraa
1967 3997 2083 4049 eorum

565 4071 692 4143 actione
716 4068 749 4136 in
774 4082 932 4155 corpora,
960 4083 1034 4153 quae
1054 4059 1240 4146 destruunt,
1265 4082 1366 4153 patet.

613 4186 668 4261 4⁰.
694 4160 864 4237 Pollumus
889 4178 1023 4256 quoque
1042 4158 1149 4231 radios
1174 4158 1258 4233 lucis
1279 4162 1306 4233 a·
1320 4160 1352 4234 se
1377 4160 1520 4256 separare
1544 4168 1633 4239 vitris
1654 4172 1805 4241 concavis
1829 4166 2015 4260 sphericis,
2050 4170 2085 4244 dc

639 4475 698 4553 (a)
720 4469 890 4549 Philosopb.
909 4469 1061 4533 Tiausa&
1078 4470 1135 4532 N'o.
1151 4477 1217 4549 361.

639 4558 700 4630 (l)
721 4552 870 4615 Diffettat.
885 4546 922 4607 de
937 4548 1062 4609 Lumine
1075 4564 1092 4609 a
1109 4565 1175 4627 pag.
1191 4564 1239 4625 23.
1254 4544 1283 4605 dr
1298 4547 1378 4626 ieqtr.¹

568 4713 576 4725 ¹
641 4635 697 4708 (s)
717 4629 826 4691 Philas.
847 4628 994 4689 transeat.
1024 4627 1081 4686 Νι
1106 4633 1173 4700 ⁴0⁶·
1218 4624 1312 4688 sarth
1342 4625 1450 4704 Optiks
1471 4625 1559 4691 Book
1581 4646 1612 4706 4.
1642 4630 1677 4693 C.
1703 4649 1733 4708 7.
1761 4632 1979 4699 ’conterende‘
1998 4636 2091 4703 Eleu)

648 4784 705 4862 (a)
723 4706 1149 4847 pcigylggssoegflgalpdnavol·
1173 4799 1201 4844 ι.
1224 4796 1290 4860 pag.
1305 4791 1375 4859 ⁶²7·
1847 4769 1852 4781 ’

642 4867 698 4943 (ι)
720 4858 1172 5005 ζὲιιιξιὶᾳὲιῐιῐέεωρῶιὲοδοιῐει
1193 4860 1378 4929 Hatteiorli
1399 4862 1578 4951 copernlcur
1599 4863 1807 4949 seimonau.
1846 4872 2031 4946 Hemodos
2052 4873 2087 4944 da
