4992 6767
871 665 1024 786 ΒΕ
1159 669 1489 762 [ΘΝΕ.
1865 701 1950 824 619·

393 878 552 962 murram
568 891 610 948 ea
627 868 701 946 Sale
714 863 752 941 dc
768 863 890 961 Terta,
913 863 1029 969 aliave
1046 862 1214 964 admutir:
1240 864 1277 942 Si
1294 867 1336 938 ab
1348 865 1448 959 Aqui
1465 867 1519 946 Sal
1545 871 1739 963 extrahitur.
1765 899 1934 966 remanent

402 992 637 1068 nonnunqum
664 966 804 1043 Cineres
827 985 918 1040 urere
938 963 1118 1052 terrestres,
1142 967 1177 1040 in
1202 986 1288 1057 quos
1314 987 1490 1058 prunarum
1517 972 1602 1074 ignis
1633 973 1773 1066 amplius
1805 994 1934 1075 operari

403 1077 537 1195 murt?
569 1072 628 1164 qui
649 1064 851 1240 proifflri
881 1066 960 1166 igne
969 1061 1055 1235 sgum
1085 1060 1169 1236 dags,
1201 1060 1404 1236 &scapellis
1427 1066 1644 1242 {ocimasticit
1667 1071 1830 1241 fefellunt:
1855 1086 1932 1174 quir

398 1173 794 1356 gnssnffioffinu
817 1185 982 1336 cariffi
1005 1174 1930 1377 imfflgteiffeaggtr'etinmeitgsqieuitiliiegnnolnhtiterff

398 1391 451 1454 ras
480 1367 699 1460 abripiunture
724 1360 760 1436 st
781 1357 875 1434 Sales
897 1361 933 1433 in
953 1357 1117 1432 cruerrbtu
1136 1356 1240 1432 relrsb
1261 1355 1404 1444 suerint,
1425 1358 1460 1432 ht
1483 1361 1526 1435 ab
1549 1384 1626 1460 rgne
1652 1365 1931 1456 vehementissima

389 1462 440 1541 dt
464 1464 619 1538 diuturno
645 1459 854 1554 liquoacere,
887 1460 971 1530 iuter
992 1474 1099 1549 partes
1122 1476 1264 1527 terrenas
1287 1454 1461 1530 interstandi
1483 1457 1643 1552 poliunt,
1676 1466 1842 1546 interstitia
1868 1471 1929 1548 iun

400 1562 518 1659 pient,
543 1583 611 1654 quo
632 1561 729 1656 pacto
752 1556 790 1630 fit
813 1561 972 1649 aurem,
1007 1554 1100 1650 quod
1131 1552 1335 1654 frigesaltum
1363 1554 1399 1626 in
1426 1554 1556 1634 masam
1576 1557 1753 1640 solidescit.
1801 1567 1837 1642 Si
1856 1571 1930 1644 cala

401 1658 583 1748 mendica,
602 1657 653 1734 vel
666 1654 822 1732 minerale
837 1654 1010 1748 quodlibet
1029 1651 1072 1726 lic
1092 1652 1134 1726 ab
1155 1653 1232 1750 igne
1249 1652 1409 1750 agiumm
1433 1652 1551 1742 fuerit,
1575 1654 1656 1730 illud
1671 1661 1811 1754 vitrum,
1826 1687 1928 1774 prop.
2031 1737 2041 1756 ·

397 1768 450 1834 tor
474 1755 593 1831 medus
618 1776 758 1833 terrenas
781 1775 888 1850 partes
910 1752 1067 1824 admixtas
1089 1770 1159 1823 non
1186 1747 1407 1844 stephanum,
1431 1750 1613 1846 appellaurr
1636 1757 1763 1836 scoria.
1834 1765 1837 1770 ’

447 1880 482 1983 5.
506 1879 698 1968 MDXLV.
722 1882 804 1979 igne
828 1880 1072 1965 ertssmrnoratis
1099 1877 1295 1969 corporibus
1325 1875 1427 1950 firmis
1447 1878 1620 1969 aromate,
1644 1886 1696 1962 vel
1718 1887 1932 1985 lengum.

401 2001 456 2070 te,
481 1977 517 2054 du
538 1980 580 2054 ad
611 1981 755 2072 quietem
779 1998 932 2077 vergenm
956 1970 1194 2073 frigescunt&
1223 1972 1463 2051 condensantur
1490 1997 1659 2072 corpora,
1691 2005 1732 2058 ὃς
1753 1985 1933 2068 sucttffirir

401 2080 557 2179 gradibus
582 2079 823 2176 detumescunt
880 2113 940 2156 κ,

445 2208 478 2312 5.
503 2205 711 2283 MDXLVl.
732 2205 819 2307 Quo
840 2228 981 2301 corpora
998 2201 1223 2279 vehementius
1242 2204 1286 2275 ab
1307 2206 1384 2301 igne
1406 2204 1560 2280 calefacta
1582 2205 1723 2297 meunt,
1748 2221 1792 2284 co
1809 2219 1929 2311 meins,
2046 2215 2051 2224 '

399 2310 434 2381 ln
451 2306 557 2401 spato
572 2306 627 2379 vel
645 2307 757 2379 medio
782 2307 890 2376 minus
912 2305 1061 2386 calente,
1088 2298 1348 2389 condensantur,
1372 2306 1510 2373 maxima
1535 2307 1619 2401 ignis
1640 2311 1738 2399 copia
1761 2313 1931 2394 celerrime

399 2403 574 2484 avolante:
600 2401 684 2500 Quo
716 2406 824 2475 mintu
855 2401 1080 2483 incaluerint,
1112 2396 1232 2467 tardius
1270 2395 1466 2470 densantur:
1499 2400 1611 2473 Simile
1634 2402 1715 2497 quid
1742 2407 1776 2476 in
1803 2410 1938 2489 Fluidir.

399 2501 615 2576 obserantur:
648 2520 723 2589 quae
753 2518 823 2590 quo
855 2496 931 2587 plus
969 2495 1199 2579 incaluerunt,
1238 2493 1314 2589 plus
1343 2495 1460 2569 caloris
1490 2500 1559 2589 pari
1587 2521 1738 2593 tempore
1770 2508 1929 2596 perdunt:

401 2618 472 2688 quo
494 2599 603 2666 minus
623 2593 845 2671 incaluerunt,
869 2614 913 2661 eo
934 2589 1050 2661 lentius
1073 2593 1144 2680 pari
1166 2590 1268 2684 gradu
1289 2591 1405 2664 caloris
1429 2615 1615 2683 exuuntur,
1639 2599 1748 2671 donec
1762 2604 1804 2675 ad
1822 2629 1930 2700 aequa.

402 2694 471 2768 iem
493 2713 570 2764 cum
594 2691 670 2760 aere
697 2687 841 2760 calorem
870 2684 1025 2772 redeant,
1047 2685 1148 2757 ueluti
1171 2689 1391 2776 experimenta
1422 2688 1623 2766 Richmanni
1654 2700 1688 2768 in
1714 2693 1815 2788 Aqua
1839 2726 1935 2799 capta
2034 2690 2040 2702 “

401 2789 545 2882 probant
569 2786 649 2880 (a).

452 2907 484 2998 ς.
512 2901 736 2977 MDXLVII.
762 2901 848 2998 Quae
873 2925 1015 2994 corpora
1041 2900 1154 2974 follilia
1186 2904 1279 2975 firma
1301 2908 1343 2975 ab
1364 2910 1441 3001 igne
1463 2906 1607 2981 citiffime
1629 2915 1867 3005 intumescunt,
1891 2922 1934 2995 ab

399 3012 478 3105 igne
506 3003 627 3075 sublata
654 2998 799 3072 citissime
821 3000 1084 3084 contrahuntur3
1126 3000 1189 3070 sve
1220 2999 1412 3096 frigeliurrt,
1444 3007 1523 3092 quia
1547 3026 1583 3076 ut
1603 3007 1707 3080 facilia
1733 3017 1767 3086 in
1793 3016 1864 3088 haec
1887 3021 1935 3093 est

401 3106 487 3201 ignis
508 3095 678 3183 introitur,
703 3099 748 3168 ita
772 3118 907 3189 quoque
931 3094 1034 3166 facilis
1058 3095 1105 3167 est
1128 3097 1253 3166 exitus:
1278 3096 1405 3167 Contra
1430 3097 1559 3172 fidelius
1589 3103 1700 3197 ignem
1726 3108 1931 3202 custodiunt,

398 3224 477 3293 quae
512 3198 630 3271 lentius
658 3193 694 3267 dt
723 3192 836 3289 majori
860 3214 937 3265 cum
962 3191 1075 3263 labore
1097 3210 1173 3264 eum
1196 3193 1416 3280 imbiberunt,
1445 3196 1531 3267 inter
1553 3198 1684 3271 metalla
1714 3205 1859 3282 citissime
1882 3231 1936 3286 re.

400 3302 570 3395 frigeretur
592 3295 771 3382 Somnum,
795 3289 962 3363 lentiffime
985 3287 1142 3376 Ferrum,
1168 3284 1205 3361 ur
1230 3288 1388 3380 Chalybs.

450 3422 481 3524 5.
506 3416 748 3494 muxnvru„
780 3412 937 3484 Diximus
968 3414 1003 3484 in
1033 3408 1066 3508 5.
1097 3427 1201 3503 1527.
1221 3430 1361 3504 corpora
1383 3413 1474 3486 firma
1500 3416 1542 3487 ab
1565 3420 1640 3514 igne
1668 3423 1837 3517 ratefieri3
1874 3451 1931 3506 ex.

402 3523 529 3618 plorata
556 3521 602 3588 ibi
620 3529 842 3587 memorantur
862 3507 998 3603 saliba,
1022 3528 1096 3597 qna
1120 3506 1239 3580 deinde
1264 3512 1409 3581 comitati
1432 3510 1540 3583 sumus
1558 3535 1577 3583 a
1598 3516 1679 3589 statu
1707 3520 1864 3599 inuitatis
1877 3552 1931 3601 us·

404 3640 472 3712 que
503 3616 543 3684 ad
576 3613 748 3690 fluidum,
780 3625 894 3676 verum
926 3607 960 3675 in
989 3603 1184 3694 corpombua
1212 3603 1420 3676 Animalibus
1455 3603 1760 3706 &vegetabilibus
1792 3623 1853 3693 alia
1874 3647 1931 3697 oc·

399 3733 540 3789 currum
564 3710 803 3801 phanonem,
827 3722 900 3791 quae
924 3720 1012 3771 nunc
1036 3697 1190 3772 tradenda
1214 3698 1300 3772 sunt:
1326 3697 1361 3772 dt
1384 3703 1461 3793 quia
1477 3705 1511 3776 in
1532 3707 1681 3797 quolibet
1704 3734 1845 3806 corpore
1859 3720 1932 3795 sunt

405 3808 598 3906 fingularir,
623 3801 770 3876 nondum
794 3795 960 3871 universali
986 3790 1137 3871 dostriua
1159 3796 1396 3890 comprehendi
1415 3818 1608 3892 potuerunt.
1658 3806 1718 3883 Ab
1739 3816 1931 3895 animafibug

397 3928 494 3983 nunc
511 3908 581 3975 'inci
607 3906 683 3973 iarn.

454 4005 550 4077 Ebur
573 3926 607 4072 iuli
631 3995 769 4069 somnam
790 3987 1054 4087 parallelepipedi
1085 3988 1230 4083 ejusdem
1259 3988 1473 4089 longitudinis
1497 3991 1534 4065 dt
1558 3997 1702 4075 cralirtiei
1732 4027 1771 4079 ac
1800 4012 1930 4083 metalla

403 4109 441 4176 tn
464 4099 495 4202 5
525 4086 846 4192 1527.'pyrometro
866 4086 930 4161 linit
954 4086 1163 4181 impolitum,
1186 4085 1296 4181 sileni
1313 4089 1464 4182 apposito
1486 4093 1563 4187 igne
1584 4093 1646 4167 fuit
1668 4102 1852 4193 dilatatum,
1879 4131 1929 4180 re-

404 4219 498 4274 moto
521 4202 598 4293 igne
618 4191 811 4265 densarunt
842 4185 962 4259 deinde
988 4185 1170 4279 expolitum
1193 4181 1254 4255 fau
1283 4184 1425 4261 flammis
1447 4185 1645 4263 Alcoholia:
1671 4195 1725 4266 diu
1757 4204 1791 4271 in
1812 4206 1929 4275 eadem

398 4295 614 4372 medullione
642 4286 807 4383 perstitlt,
837 4284 960 4356 deinde
987 4282 1229 4376 expandebatur
1267 4282 1321 4356 16.
1353 4284 1532 4381 gradibus,
1566 4307 1639 4361 tum
1660 4288 1717 4364 diu
1741 4298 1931 4386 quiescebat

404 4394 579 4488 pyromemi
604 4389 720 4473 indta,
746 4386 804 4478 qui
823 4400 907 4460 mort·
922 4382 1011 4479 quali
1040 4384 1075 4452 in
1096 4379 1316 4452 oscillationes
1340 4382 1495 4478 agebatur
1518 4383 1670 4460 exeundo
1700 4385 1927 4471 &redeundo

399 4496 437 4565 in
457 4479 627 4566 intervallo
649 4483 790 4556 duorum
820 4482 956 4553 triumve
979 4479 1163 4580 graduum:
1193 4475 1260 4570 jam
1284 4477 1366 4549 ebur
1396 4479 1554 4569 ardebat,
1579 4492 1925 4577 parumtcoutrahebu·

396 4610 476 4674 ηπ,
495 4608 579 4661 mox
603 4587 720 4656 lterum
741 4578 841 4651 index
864 4597 977 4672 parurn
1001 4578 1110 4649 exibat
1134 4571 1170 4647 dr
1191 4575 1346 4649 redibat:
1380 4577 1511 4650 tandem
1539 4582 1647 4656 exibat
1675 4607 1730 4658 ro.
1754 4591 1926 4688 gradibus:

399 4688 509 4757 abore
527 4684 592 4775 jam
614 4683 710 4780 nigro
733 4674 836 4748 efflata
860 4672 1104 4766 fuitflamma,
1136 4673 1236 4744 carbo
1262 4674 1424 4747 eburneus
1452 4675 1733 4777 contrahebatur,
1765 4690 1928 4786 eruitque

407 4799 493 4875 140.
518 4778 669 4877 gradibus
688 4776 838 4862 brevior,
862 4794 961 4870 quarn
984 4794 1059 4848 ante
1081 4768 1259 4849 institutum
1283 4774 1553 4868 experimentum.

419 4904 437 4911 ··
464 4899 468 4908 ·
553 4909 558 4918 ·
1833 4884 1932 4972 Detur

470 4989 537 5116 (a)
557 4989 727 5057 comment.
748 4986 897 5072 Prnopol.
916 4988 1002 5058 Nori
1022 4987 1110 5059 Tou.
1126 5004 1154 5056 r.
1176 4983 1382 5148 55551155.²
