4992 6767
735 633 956 774 stulu.
1028 682 1146 776 Du
1220 683 1609 774 VENTISL-
1724 810 1733 838 ι
1818 713 1929 799 arog·

395 885 448 959 vel
485 905 535 978 30·
560 883 726 975 utrimque
759 885 801 954 ab
831 902 999 974 aeqtratore
1021 883 1141 974 spirat:
1171 903 1278 976 prope
1309 901 1510 975 aquatorem
1534 886 1622 957 venti
1653 882 1724 954 sunt
1756 881 1919 956 lenesra

399 983 527 1056 Martio
549 983 590 1052 ad
611 982 827 1073 Septembrim
849 982 970 1050 coelum
986 981 1035 1052 est·
1049 980 1211 1068 serenum,
1233 982 1310 1052 ideo
1331 981 1405 1073 post
1423 982 1569 1054 medium
1587 981 1700 1054 Martii
1722 1003 1818 1051 naves
1839 979 1917 1053 His·

397 1079 566 1171 patrienses
591 1081 632 1149 ab
659 1078 854 1184 Aquapulco
881 1076 1009 1150 solvunt
1034 1097 1183 1171 petentes
1209 1080 1385 1150 Manilhas.

446 1178 512 1250 Sed
534 1178 619 1248 circa
644 1174 831 1267 Januarium
853 1174 907 1244 hic
935 1197 1072 1270 regnant
1091 1176 1256 1267 procellae.
1306 1175 1407 1247 Venti
1423 1175 1516 1266 hujus
1531 1176 1657 1247 Oceani
1680 1178 1751 1247 sunt
1767 1174 1917 1246 constan·

389 1276 518 1360 ¹tiores,
546 1270 580 1345 dt
602 1272 776 1357 fortiores,
799 1293 897 1364 quam
912 1276 946 1344 in
970 1272 1110 1345 Oceano
1134 1275 1324 1360 Atlantico,
1348 1294 1403 1345 aut
1427 1273 1568 1361 Indico,
1593 1296 1667 1347 cunr
1684 1294 1772 1345 mare
1789 1274 1855 1344 hoc
1879 1271 1917 1344 iit

398 1376 583 1463 patentius,
608 1366 643 1439 dt
668 1372 780 1460 paucis
804 1391 881 1441 cum
907 1368 1026 1442 insulis.
1242 1445 1245 1452 ,
1691 1427 1694 1434 .

446 1467 668 1539 Nihilominus
692 1469 726 1538 in
756 1467 826 1540 hoe.
847 1470 926 1538 mari
948 1489 972 1538 a
999 1466 1169 1539 latitudine
1191 1467 1332 1540 Australi
1359 1491 1405 1541 ao
1430 1469 1481 1542 vel
1509 1490 1554 1562 23
1580 1468 1737 1565 graduum
1761 1468 1917 1542 Austrum

395 1563 503 1636 uersus
521 1565 726 1657 frequentes,
743 1561 777 1635 dt
791 1564 974 1636 furibunde
989 1563 1061 1636 sunt
1078 1565 1256 1656 procellae,
1281 1589 1356 1657 quae
1372 1588 1414 1638 eo
1430 1568 1651 1638 vehementius
1668 1566 1822 1651 saeuiunt,
1848 1588 1917 1660 quo

397 1662 471 1732 loca
498 1660 610 1754 majori
635 1661 797 1732 latitudini
821 1659 1038 1753 subjiciuntur.

447 1760 502 1829 Ad
524 1759 632 1830 littora
652 1757 764 1830 Terra
782 1757 824 1830 M
865 1756 1030 1843 ellanicae,
1055 1758 1122 1828 srve.
1143 1757 1198 1830 del
1217 1758 1337 1853 Fuego
1353 1761 1439 1830 circa
1464 1760 1581 1831 sretum
1594 1761 1637 1841 ‚le
1665 1760 1773 1831 llllaire
1799 1758 1918 1849 spirant

397 1859 558 1926 continuo
574 1858 660 1928 venti
678 1855 850 1927 occidente
863 1875 898 1925 es
919 1876 1041 1951 magno
1063 1875 1138 1925 curn
1163 1857 1308 1946 impetu;
1333 1874 1474 1927 attamen
1492 1860 1577 1927 inter
1600 1856 1716 1928 fretum
1741 1857 1772 1928 le
1788 1855 1918 1943 llslaire,

399 1951 435 2024 dt
459 1953 567 2025 littora
589 1953 701 2024 Terrae
725 1953 879 2025 Aullralis
904 1952 999 2045 spirat
1024 1952 1149 2041 semper
1172 1951 1300 2022 Auster.

449 2050 656 2122 Comitemur
683 2050 748 2142 jum
775 2050 882 2122 littora
906 2050 1067 2122 Americae
1093 2047 1316 2141 AEquatorem
1338 2046 1473 2135 versus,
1504 2050 1580 2141 quia
1603 2047 1648 2120 in·
1667 2047 1718 2121 his
1745 2069 1920 2124 ventorum

400 2146 447 2218 cst
468 2146 650 2222 anomalia,
676 2149 724 2220 uti
745 2149 778 2217 in
803 2147 966 2220 littoribus
989 2147 1120 2215 Africae.

446 2242 543 2312 Circa
567 2243 669 2312 smum
692 2246 800 2311 Aricae
824 2247 906 2312 inter
926 2242 1128 2311 latitudinem
1167 2239 1231 2325 sd,
1259 2238 1295 2311 &
1325 2260 1387 2330 19,
1414 2236 1452 2310 dt
1476 2261 1533 2331 23.
1559 2242 1648 2336 grad.
1676 2243 1747 2313 sunt
1772 2244 1918 2317 malacia

399 2340 538 2409 duorum
566 2342 703 2408 triumve
723 2336 869 2421 dierum,
894 2358 968 2428 quae
993 2335 1024 2407 se
1048 2338 1090 2407 ad
1117 2357 1163 2429 30
1188 2336 1239 2408 vel
1264 2360 1312 2429 40
1337 2338 1444 2408 leucas
1466 2360 1484 2407 a
1510 2340 1671 2409 littoribus
1697 2341 1886 2410 extendunt.

450 2434 550 2505 Circa
570 2432 665 2503 lea
687 2435 721 2502 in
749 2433 851 2504 limite
871 2436 962 2530 regni
988 2433 1125 2506 Peruani
1155 2454 1271 2506 ventus
1303 2436 1436 2526 quidem
1468 2434 1617 2506 constans
1650 2435 1772 2526 spirat,
1808 2457 1921 2510 tamen

399 2532 600 2622 aliquantum
633 2532 774 2601 varietati
799 2529 991 2623 subjicitur,
1022 2535 1213 2624 ceteroquin
1224 2553 1351 2604 uentus
1378 2552 1448 2603 toto
1471 2536 1546 2603 anni
1573 2532 1708 2603 decursu
1738 2534 1785 2604 eil
1814 2534 1920 2605 modi·

405 2651 487 2711 cus,
513 2649 679 2719 nunquam
707 2630 785 2699 tanti
807 2631 947 2721 impetus
956 2680 976 2715 ,.
990 2649 1026 2702 ut
1050 2627 1212 2701 offendat:
1237 2652 1258 2701 a
1282 2628 1375 2700 Lirna
1398 2652 1501 2720 usque
1523 2630 1574 2700 ad·
1597 2627 1772 2721 Guajaquil
1795 2629 1919 2722 semper

405 2724 500 2815 spirat
522 2724 657 2813 Auster,
684 2726 775 2817 quia
804 2724 986 2797 Novembri
1010 2729 1051 2798 ad
1075 2725 1215 2817 Mayum
1241 2731 1374 2798 vertitur
1405 2730 1439 2796 in
1461 2725 1634 2798 Africum:
1668 2728 1720 2797 sed
1745 2731 1778 2799 in
1802 2730 1930 2798 vicinia·

403 2821 516 2892 Tetrae
540 2821 634 2915 spirat
659 2840 774 2895 ventus
795 2844 939 2895 terrenus
956 2825 1094 2908 debilis,
1116 2827 1172 2916 qui
1195 2823 1240 2895 eil
1267 2822 1393 2894 Eurus:
1419 2843 1490 2894 toto
1509 2823 1573 2893 h'oc
1592 2843 1738 2913 tempore
1766 2828 1798 2894 in
1820 2824 1920 2916 maio·

403 2918 660 2991 riintervalloa
689 2920 852 2991 littoribus
874 2921 991 2993 Auster
1022 2924 1119 2993 etiam
1151 2921 1198 2992 est
1229 2921 1407 2991 admodum
1438 2920 1602 2992 modestus
1635 2942 1710 2991 cum
1740 2918 1921 2991 intermistis
2002 2989 2005 2994 .

403 3016 570 3101 malaciis;
604 3016 658 3087 sed
682 3019 737 3107 qui
763 3020 895 3089 interius
924 3041 1120 3109 procurrens
1143 3018 1184 3088 ud
1215 3039 1282 3106 140
1315 3017 1366 3086 vel
1397 3036 1463 3106 150
1495 3019 1604 3088 leucas
1635 3018 1838 3087 alittoribus
1864 3037 1922 3108 per

403 3113 561 3183 detentim
587 3114 688 3209 magis
711 3113 838 3181 accedit
858 3115 899 3180 ud
928 3114 1150 3197 orientalem,
1175 3112 1260 3182 adeo
1282 3133 1319 3183 ut
1340 3111 1381 3182 ad
1403 3112 1582 3184 distantiam
1610 3135 1680 3183 200
1704 3114 1868 3186 leucarum
1882 3112 1937 3184 fit.

401 3210 553 3281 constans
577 3207 679 3301 Hypo
703 3205 822 3280 Eunus.
1705 3247 1710 3256 ·

455 3308 492 3378 ln
522 3307 602 3379 Sinu
634 3305 784 3379 Panamae
818 3326 924 3380 nautae
954 3305 1132 3401 Guajaquil
1164 3325 1313 3401 petentes
1345 3310 1558 3402 experiuntur
1586 3325 1701 3380 ventos
1732 3305 1939 3393 sanabiles„

401 3426 517 3497 parum
539 3404 723 3475 conllantes
743 3426 818 3474 cum
842 3405 1026 3475 intermistis
1053 3407 1206 3476 malaciis.
1290 3470 1296 3480 .
2031 3485 2034 3490 .

457 3504 489 3570 A
512 3501 617 3568 Punta
640 3498 733 3566 llsltla
756 3518 859 3583 nsque
880 3500 930 3563 ad.
945 3517 1075 3584 portum
1098 3498 1177 3568 Divi
1195 3500 1337 3569 lllittthei
1356 3522 1471 3571 ventus
1491 3501 1584 3590 spirat
1607 3502 1826 3591 Septemtti0‚
1851 3500 1924 3572 Co·

406 3618 479 3677 rus,
506 3615 574 3663 turn
594 3592 737 3682 A'quil03
765 3592 797 3659 in
818 3590 988 3681 prospeslu
1011 3612 1124 3682 portus
1142 3593 1359 3684 Septemtti0‚
1388 3617 1457 3666 tunt
1476 3619 1577 3685 usquc
1593 3597 1769 3667 ud‘llla'nta
1785 3598 1840 3668 flat
1855 3598 1926 3668 Eu·

409 3715 491 3775 rus,
519 3688 659 3771 Auster,
685 3685 833 3769 Africus,
859 3686 1021 3757 Fuvonius
1047 3710 1122 3759 cum
1149 3693 1373 3779 varietatibus,
1406 3692 1517 3783 quales
1541 3714 1674 3785 quoque
1698 3691 1770 3763 sunt
1795 3695 1939 3764 tentia·

411 3789 529 3860 Monta
554 3806 658 3877 usque
683 3784 732 3854 ad¹
749 3782 847 3855 Cabo
872 3783 1009 3856 Blanco.

461 3885 549 3956 Cum
576 3900 690 3954 ventus
713 3881 844 3953 exorlbs
866 3880 912 3951 est
933 3904 1037 3973 prope
1059 3882 1232 3975 Panemo,¹
1247 3888 1447 3981 pedetentim
1477 3887 1510 3957 se
1533 3884 1711 3979 explicat,-
1725 3907 1802 3958 curn
1827 3902 1943 3958 vento·

413 3983 553 4055 'Australi
571 3977 748 4071 pmliatur,
773 3999 877 4070 usque
893 3978 969 4050 dum
985 3981 1113 4051 vi'cerit:
1140 3984 1333 4077 plerumque
1358 3988 1536 4056 motiones·
1551 4007 1618 4055 non
1642 4005 1814 4081 regnanto
1837 4001 1940 4073 parte·

415 4079 554 4152 Australi
579 4076 803 4169 AEquatoris,
822 4074 965 4147 vel'sunt
985 4077 1128 4163 debiles,
1155 4080 1269 4172 saepius
1298 4086 1485 4171 interruptae
1501 4104 1520 4150 a
1539 4082 1702 4164 malaciis,
1723 4082 1773 4153 vel
1796 4082 1836 4149 ab
1858 4078 1931 4150 aliis

416 4180 517 4249 ventis
541 4174 763 4247 variabilibus:
788 4170 964 4262 aliquando
991 4196 1130 4269 pergunt
1153 4201 1256 4267 usque
1279 4179 1321 4248 ad
1343 4178 1475 4248 insulam
1500 4177 1595 4246 dela
1619 4176 1727 4247 Plata:
1762 4176 1929 4267 praecipuu

413 4279 524 4370 vigore
548 4274 685 4364 spirant,
713 4291 782 4362 quo
803 4269 875 4340 sunt
896 4272 1068 4361 propiores
1085 4272 1235 4344 Panemo.
1295 4273 1363 4345 Hic
1380 4296 1518 4356 ventus,
1544 4276 1600 4363 qui
1616 4272 1711 4364 spirat
1733 4294 1751 4342 a
1775 4270 1928 4362 septem·

413 4377 534 4460 trione,
553 4369 638 4442 &lit
652 4367 798 4460 Aquilo,
817 4367 1005 4439 mundificat
1021 4369 1145 4441 Assem
1163 4373 1181 4442 i
1196 4374 1358 4455 nubibus,
1385 4369 1584 4459 nebalasquc
1601 4393 1620 4439 a
1642 4367 1807 4441 littoribus
1823 4388 1930 4438 remo

418 4487 491 4551 vet3
516 4488 590 4535 eum
618 4486 684 4534 non
707 4467 905 4535 comitantur
926 4466 1050 4557 nimbi,
1076 4488 1189 4539 verum
1215 4473 1333 4540 excitat
1360 4469 1502 4536 turbines
1526 4465 1931 4558 frequentasti-Promoti·

421 4568 507 4635 torio
529 4562 608 4633 Divi
634 4562 802 4634 Francisci
827 4581 931 4649 usque
956 4559 997 4630 ad
1021 4559 1136 4632 Sinum
1162 4561 1324 4636 Panamae.

468 4659 673 4733 Cessantibus
701 4657 902 4728 motionibus
926 4655 1092 4752 insurgunt
1112 4665 1197 4731 venti
1221 4660 1411 4744 Australes,
1436 4658 1557 4732 diutius
1579 4658 1744 4748 duraturi,
1772 4659 1808 4735 δι
1832 4661 1932 4735 uche-

418 4762 595 4832 mentiores
611 4755 793 4846 prioribus,
817 4753 850 4823 hi
868 4756 955 4824 venti
980 4753 1049 4825 sunt
1067 4755 1170 4843 Euri,
1192 4756 1227 4829 dt
1245 4758 1367 4841 Africi,
1394 4782 1460 4831 non
1478 4755 1652 4843 Austri,&
1672 4761 1838 4834 nonnullis
1853 4765 1933 4831 teni·

418 4856 679 4949 poribusrnagis
699 4850 851 4921 differunt
871 4851 912 4920 ab
934 4852 1074 4939 Aull'ro,
1100 4878 1195 4946 quam
1214 4858 1304 4927 aliis:
1330 4858 1462 4949 quando
1485 4855 1552 4930 sere
1576 4856 1648 4933 sunt
1668 4858 1774 4947 Euri,
1796 4855 1934 4930 comites

417 4955 541 5042 babent
568 4948 753 5048 procellas,
777 4944 813 5023 dt
837 4948 1068 5047 tempestates,
1083 4951 1136 5025 sed
1160 4953 1475 5029 bievisdtuationis.

1122 5049 1186 5125 ’Z'z
1210 5075 1259 5126 zz
1282 5075 1331 5126 zz
1358 5074 1378 5146 3
1839 5046 1934 5146 Μ·
2047 5133 2051 5140 ,
