4992 6767
802 713 986 810 nar
1071 707 1548 812 corono.
1846 739 1937 852 ,25

462 917 496 1018 q.
522 913 795 991 MMCCXLII.
821 916 876 988 sin
901 931 994 988 vcro·
1008 911 1103 990 sonus
1125 935 1220 1008 eque
1242 918 1391 994 celeriter
1405 923 1448 1002 ¹in
1469 917 1572 992 altum
1592 917 1775 1008 adscendit,
1799 942 1839 995 ac
1862 929 1935 1003 des-

377 1083 390 1098 ,,
413 1019 545 1092 cenditi
597 1015 699 1087 Forte
720 1014 884 1107 aliquanto
908 1012 1003 1084 citius
1028 1015 1062 1086 in
1086 1033 1232 1094 montem
1252 1017 1447 1105 adsccndit,
1479 1037 1578 1109 quam
1604 1017 1801 1106 descendit,
1833 1025 1933 1100 veluti

412 1116 599 1189 Derhamus
624 1112 776 1209 collegit:
801 1111 856 1182 hic
878 1132 898 1181 a
917 1107 1088 1182 Derhamo
1114 1110 1255 1188 dissentit
1268 1114 1418 1190 Casinus
1436 1115 1539 1209 (a),
1563 1114 1765 1190 inflectiones
1780 1118 1933 1196 locorum

409 1215 600 1305 planorum,
618 1211 839 1295 sunniacum,
854 1229 1027 1280 curvorum
1043 1207 1123 1280 nihil
1136 1215 1322 1285 mutationis
1334 1211 1451 1286 afferte
1461 1232 1635 1307 expertus:
1660 1215 1751 1307 quod
1762 1217 1876 1310 postea
1890 1221 1932 1294 ab

409 1309 586 1404 Hispanis,
613 1309 783 1399 Gallisque
806 1311 840 1377 in
856 1304 942 1387 Peru
956 1305 1003 1376 est
1022 1304 1223 1380 observatum
1248 1310 1333 1406 (b).

456 1437 489 1526 §.
508 1433 795 1509 mnicchui
814 1432 942 1505 Ventus
963 1431 1121 1505 sccundus
1137 1433 1264 1506 Sonum
1279 1435 1458 1524 accelerat,
1473 1433 1564 1509 &co
1579 1440 1672 1530 plus,
1688 1462 1757 1531 quo
1766 1442 1863 1514 luerit
1876 1461 1931 1517 ve·

402 1534 610 1621 iremcntior3
634 1555 749 1604 ventus
762 1531 911 1603 adversus
926 1532 1054 1600 Sonum
1074 1552 1135 1620 pro
1156 1531 1282 1622 impetu
1296 1536 1444 1607 retardat.
1477 1533 1682 1610 ‚Gaiimuus
1698 1559 1738 1610 cx
1755 1540 1817 1614 iuis
1831 1561 1930 1629 cxpe-

404 1634 688 1702 rimcntisventum
702 1651 765 1702 nec
777 1627 976 1710 accelerare,
992 1645 1055 1696 nec
1067 1627 1227 1724 retardare
1235 1629 1361 1702 Sonum
1370 1632 1523 1728 collegit:
1536 1631 1716 1706 Florentini
1725 1637 1930 1726 experimen·

407 1730 447 1796 tis
471 1728 504 1797 id
527 1728 818 1815 confirmaverunt:
843 1741 954 1796 vetum
974 1719 1245 1795 cinerhanus
1269 1731 1454 1800 aceruatius.
1468 1730 1652 1824 attendens¹
1665 1732 1806 1818 invenit,
1832 1751 1931 1816 vento

405 1823 549 1896 secundo
564 1825 822 1897 Tormentorum
838 1822 934 1893 sonos
946 1818 1149 1893 intervallum
1170 1823 1254 1892 inter
1269 1819 1467 1907 Blackheat,
1490 1821 1525 1894 dt
1541 1824 1788 1914 Upminsterum
1801 1847 1932 1921 tempo·

404 1941 440 1988 re
470 1942 549 1993 111.
574 1923 866 1995 semisecundorum
886 1921 1086 1991 minutorum
1108 1915 1314 2007 percurrisse:
1340 1916 1453 1991 Vento
1471 1937 1582 1991 autem
1599 1919 1697 1991 flante
1714 1923 1870 2010 adverso,
1894 1945 1931 1998 c·

404 2016 489 2108 lapsa
513 2019 604 2090 inille
635 2042 714 2090 raa.
741 2016 956 2090 semisecunda
974 2018 1119 2105 minuta,
1143 2034 1178 2085 ut
1201 2013 1299 2086 sonus
1322 2016 1461 2087 eandem
1473 2018 1557 2088 viam
1574 2036 1789 2106 percurreret.
1841 2019 1930 2095 Der·

404 2113 503 2183 humo
529 2116 738 2206 adilipulatur
769 2115 916 2187 eatinus
942 2112 1038 2209 (c),
1063 2114 1223 2202 ponitque
1249 2110 1332 2181 Soni
1355 2113 1553 2183 celeritatem
1571 2109 1663 2196 eise,
1694 2135 1760 2204 qua
1774 2133 1927 2205 tempore

401 2207 452 2277 m*
472 2214 630 2298 percurrit
645 2232 741 2306 2173·
757 2212 964 2304 hexapedas,
989 2207 1086 2299 plus,
1109 2207 1162 2279 uel
1175 2208 1316 2294 minus,
1329 2207 1493 2277 celeritate
1506 2210 1599 2278 venti
1615 2207 1848 2298 conspirantis,
1872 2210 1927 2289 uel

399 2303 528 2375 adverfi.

407 2451 411 2458 ·
449 2424 481 2520 i.
508 2422 795 2497 MMCCXLIV.
819 2423 951 2494 Ventus
964 2419 1122 2494 secundus
1145 2421 1271 2494 Sauum
1286 2421 1328 2493 ad
1342 2422 1445 2515 majus
1460 2424 1662 2500 intervallum
1681 2427 1805 2516 desert,
1831 2451 1930 2524 quum

401 2521 535 2591 adverso
552 2521 651 2592 ilante
668 2541 882 2616 propagatur:
899 2520 934 2590 id
954 2519 1148 2610 quotidianis
1165 2518 1376 2592 confirmatur
1391 2521 1689 2614 observationibua3
1705 2527 1879 2602 nonnullas
1894 2550 1931 2602 e·

403 2621 471 2686 nim
497 2618 608 2688 audire
625 2618 704 2690 licet
718 2637 859 2689 remotas
874 2637 1067 2709 campanas,
1092 2637 1165 2708 quae
1190 2636 1289 2690 vento
1314 2616 1448 2690 aduerso
1472 2618 1570 2694 flante
1586 2643 1657 2695 non
1683 2624 1870 2700 audiuntur.

450 2739 482 2838 §.
507 2740 777 2817 MMCCXLV.
802 2740 837 2813 Si
852 2740 994 2832 sclopcta
1012 2739 1194 2830 dirediione
1210 2738 1251 2806 ad
1267 2738 1379 2832 locum
1396 2738 1629 2823 observatoris,
1652 2739 1706 2809 vel
1721 2741 1763 2812 ab
1776 2759 1820 2810 eo
1835 2757 1928 2814 oveti

403 2836 456 2922 sa,
473 2836 523 2910 'ad
551 2839 653 2910 solum
680 2838 858 2932 parallelo,
891 2838 943 2911 vel
966 2837 1024 2908 sub
1044 2831 1166 2931 angulo
1187 2854 1389 2925 quocunque
1402 2853 1478 2904 cum
1497 2831 1570 2902 solo
1593 2829 1712 2903 sursum
1735 2833 1928 2909 deorsumve

400 2929 618 3023 e'riplodanrut
639 2937 673 3005 in
695 2936 816 3005 eodem
830 2934 941 3019 locd,
956 2934 1065 3004 Sonus
1081 2935 1114 3018 in
1132 2931 1189 3000 sito
1203 2930 1339 3002 decursu
1361 2930 1487 3020 semper
1500 2929 1546 2998 est
1560 2947 1656 3020 atque
1676 2928 1784 3013 celer,
1810 2932 1926 3002 testen-

399 3029 485 3098 tibus
509 3028 565 3100 Cl.
589 3027 781 3115 Dcrhamo‚
807 3027 843 3098 ἀ
868 3031 979 3097 n'obil:
1004 3027 1181 3116 Hispanis,
1207 3021 1401 3115 Gallisque,
1427 3028 1534 3116 quiin
1550 3023 1637 3095 Peru
1659 3024 1783 3096 telluris
1799 3029 1926 3123 magni·

397 3125 503 3196 t'udit'ri
528 3125 748 3197 mensuranda
772 3141 906 3215 operam
929 3122 1098 3192 dederunt.
1645 3165 1649 3170 .
1683 3139 1687 3144 ·
1717 3173 1721 3178 .

426 3229 477 3344 ¹5.
495 3248 778 3322 MMCCXLVI.
805 3248 914 3322 Sonus
930 3245 1033 3339 major
1049 3246 1213 3315 minorem
1229 3240 1383 3327 suffocat,
1401 3261 1439 3313 ut
1452 3243 1505 3330 vel
1519 3264 1587 3317 non
1600 3244 1766 3338 audiatur,
1790 3245 1842 3315 vel
1852 3267 1922 3320 non

395 3331 614 3441 distinguatur.
663 3347 758 3419 Adsis
782 3348 872 3420 enim
892 3364 1059 3435 campanae
1082 3342 1231 3411 mauimae
1253 3339 1400 3426 sonanti,
1424 3338 1477 3411 Te
1498 3340 1689 3434 loquentem
1707 3359 1777 3411 non
1804 3339 1924 3416 intelli·

418 3460 450 3510 et
466 3445 648 3532 proximus:
666 3466 729 3514 nec
743 3442 858 3511 melius
873 3441 1062 3530 intelligeris
1075 3441 1158 3506 inter
1181 3455 1333 3524 tympana
1346 3435 1484 3521 bellica,
1503 3434 1538 3506 dt
1553 3437 1924 3529 tormentorumexplo·

396 3461 502 3607 fioncs
518 3541 551 3608 in
575 3538 707 3628 praelio:
732 3554 873 3604 attamen
885 3532 933 3612 ,st
950 3527 1063 3600 diversr
1081 3527 1151 3595 soni
1163 3547 1232 3596 non
1247 3530 1386 3597 multum
1402 3532 1581 3614 intensrtate
1597 3531 1834 3620 discrepantes,
1860 3554 1924 3610 nec

398 3634 524 3726 magni,
549 3636 584 3701 in
605 3633 683 3702 loco
708 3631 830 3724 exiguo
853 3626 1009 3710 edantur,
1033 3641 1102 3694 non
1129 3617 1396 3708 confunduntur,
1420 3617 1642 3716 scd'diilinci'e
1665 3627 1706 3693 ab
1732 3645 1809 3694 aure
1824 3629 1924 3695 inter<

398 3728 488 3798 nosci
506 3725 654 3817 poliunt:
680 3725 756 3796 ideo
773 3728 808 3794 in
824 3740 988 3802 concentu
1003 3717 1127 3788 mulico
1140 3717 1288 3787 audimus
1313 3721 1419 3804 varios
1442 3737 1612 3814 cantores,
1637 3715 1788 3790 &sonos
1811 3719 1922 3808 disting

397 3826 528 3935 gaimus
550 3846 570 3896 e
593 3822 703 3896 mulda
719 3819 945 3902 inſtrumentis.
963 3813 1055 3894 timul
1074 3812 1220 3905 elicitos,
1246 3833 1289 3884 an
1309 3813 1369 3885 fint
1382 3812 1583 3928 ltarmonici,
1608 3835 1650 3888 aa
1664 3813 1873 3888 dissonantes.
1940 3843 1943 3849 ¹

448 3954 481 4053 ς.
506 3949 805 4028 MMCCXLVll.
831 3945 998 4044 Quoniam
1024 3945 1131 4025 Sonus
1150 3948 1192 4027 in¹
1210 3945 1289 4018 aire
1306 3944 1353 4052 eil
1375 3943 1497 4038 species
1525 3945 1640 4034 undae,
1664 3935 1786 4039 poterit
1805 3968 1825 4017 a
1845 3952 1923 4020 cor·¹

399 4076 499 4146 pore,
523 4057 558 4124 in
575 4048 666 4144 quod
680 4050 832 4128 incurrit,
857 4046 1039 4136 repercuti,
1053 4042 1203 4133 adeoque
1217 4043 1260 4114 ad
1276 4043 1411 4148 locum,
1428 4064 1469 4116 ex
1485 4065 1553 4136 quo
1555 4042 1852 4140 ,exierat,tedite,
1865 4041 1920 4117 vel

398 4149 439 4222 ad
463 4150 595 4222 ultemm
612 4145 728 4237 aliquis
751 4144 893 4227 dircite,
918 4138 1215 4230 aliusrepercuslus
1231 4140 1351 4247 venire.
1544 4141 1578 4228 ’ᾗ
1600 4147 1634 4162 ··
1728 4147 1733 4164 ·

404 4331 407 4338 ,
445 4265 477 4364 5.
502 4265 820 4349 MMCCXLVIII.
846 4269 954 4346 Sonus
977 4267 1066 4346 idern
1083 4268 1236 4342 resultans
1252 4268 1430 4354 adaurim,
1451 4260 1493 4352 ‚dc
1515 4267 1574 4357 qui
1597 4267 1776 4360 porcipitur
1790 4264 1918 4340 distinc-

398 4382 450 4444 tus
473 4388 492 4435 a
515 4370 646 4457 primo,
670 4388 806 4446 uocatur
835 4367 916 4440 Soni
941 4364 1009 4436 Ima
1064 4364 1220 4452 ‚Eei0.,
1243 4365 1296 4444 vel
1319 4363 1426 4446 Sonus
1442 4367 1643 4457 ,reciprocis
2007 4451 2011 4460 .

450 4461 497 4532 Sit
512 4463 604 4536 causa
621 4462 736 4538 sonans
750 4468 786 4536 in
810 4464 863 4548 A,
888 4463 976 4536 obex
1042 4461 1101 4546 D,
1125 4463 1253 4540 auditor
1278 4465 1313 4535 in
1337 4462 1392 4547 B,
1416 4485 1485 4535 non
1501 4464 1618 4554 procul
1633 4486 1659 4535 .a
1673 4459 1766 4535 causa
1783 4449 2020 4570 sonantcmfflj

397 4556 445 4632 Α.
469 4558 597 4630 auditor
620 4560 654 4634 in
678 4561 707 4632 B
731 4560 823 4638 audit¹
843 4560 957 4636 sonum
984 4561 1106 4638 diresie
1126 4564 1160 4633 in
1185 4564 1237 4636 viu
1260 4560 1331 4634 AB
1357 4560 1543 4654 appulsumr
1564 4583 1676 4652 verum
1700 4561 1796 4648 sonus
1809 4563 1978 4675 incur-mg.
1996 4590 2022 4637 r.

1875 4678 1918 4736 ili

476 4811 536 4889 (a)
557 4815 669 4877 L’Hist.
691 4816 727 4877 de
747 4820 860 4882 i’ncad.
880 4824 958 4900 Ray.
981 4823 1036 4886 Δ..
1054 4828 1140 4898 irai.
1161 4821 1189 4886 dt
1210 4823 1264 4887 Α..
1282 4838 1367 4899 ¹739·
1389 4838 1456 4902 pag.
1471 4837 1536 4900 170.

475 4893 489 4958 i
498 4896 536 4966 b)
557 4896 628 4954 Don
650 4898 768 4974 Georgo
791 4901 862 4977 Juan
885 4897 1010 4968 observ?
1029 4904 1145 4965 Astron.
1168 4907 1232 4968 Liv.
1246 4906 1299 4967 Vi.
1321 4906 1376 4966 Ch.
1391 4904 1418 4970 1.
1434 4921 1501 4987 pag.
1518 4919 1585 4978 119·

474 4971 532 5051 (e)
552 4973 665 5039 L'iiist.
690 4973 728 5090 de
748 4978 863 5044 l'Acad
883 4982 961 5061 Ray.
981 4985 1033 5051 Aa
1056 4987 1144 5062 croi.
1160 5061 1220 5136 Bb
1244 5063 1301 5138 bb
1325 5064 1377 5137 bb
1403 5087 1426 5139 2
