4992 6767
797 685 1272 791 barura
1353 694 1397 788 n
1476 645 1627 788 ns
1835 705 1939 821 aye

395 901 555 985 nodone
578 897 741 972 manubrii
764 893 810 968 M
832 891 988 970 inultum
1014 890 1156 981 tollitur,
1188 917 1269 970 mor
1299 918 1373 990 pars
1393 894 1523 970 denmta
1540 911 1623 970 rotae
1645 896 1824 994 ingreditur
1858 906 1938 978 den.

407 1024 457 1078 tes
489 998 610 1095 regular
631 994 756 1100 (ΞΕ,
790 989 964 1066 &denna
989 989 1177 1083 relinquunt
1198 997 1343 1092 regulam
1360 994 1454 1082 EF,
1482 996 1547 1088 jam
1580 996 1783 1068 manubrium
1812 996 1854 1067 ut
1879 1000 1937 1071 de·

405 1103 515 1192 primic
539 1095 685 1191 regulam
710 1090 811 1175 GE,
840 1106 940 1178 atque
969 1088 1060 1161 limul
1081 1091 1250 1165 embolum
1272 1093 1303 1165 C
1328 1096 1362 1164 in
1382 1093 1497 1165 antlia:
1521 1094 1798 1168 itaconversrone
1823 1117 1936 1167 manu·

405 1199 465 1268 brii
489 1194 552 1279 M,
577 1191 727 1263 embolus
749 1191 781 1260 in
804 1185 901 1258 antlia
924 1188 1167 1277 reciprocatur,
1192 1189 1296 1282 litque
1318 1211 1426 1262 motus
1438 1191 1617 1263 admodum
1633 1192 1818 1282 aequabilis,
1844 1192 1935 1263 dac-

397 1316 515 1366 curara
548 1290 645 1362 fuerit
673 1288 779 1360 habita
804 1285 887 1359 ratio
909 1285 992 1358 inter
1015 1283 1188 1358 numerum
1209 1287 1357 1360 denium
1375 1290 1411 1359 in
1433 1309 1505 1361 rota
1536 1285 1572 1360 ἃ
1596 1292 1631 1360 in
1655 1279 1790 1381 utraque
1824 1289 1935 1385 regula

404 1390 495 1473 EF,
521 1388 621 1473 EG,
653 1385 750 1457 veluti
773 1383 819 1454 ell
847 1379 1009 1454 innostra
1037 1382 1197 1455 machina.

448 1488 594 1656 Ι,Είὶιὴζοιεο
612 1482 709 1556 antlia
730 1494 809 1554 mco
834 1478 977 1551 contiuo·
993 1475 1168 1553 fabrefatta
1191 1481 1446 1574 Rotterodami,
1472 1503 1492 1553 a
1521 1480 1715 1556 dexterrimo
1737 1486 1859 1558 artifice
1876 1481 1897 1576 J
1916 1519 1932 1539 ·

403 1605 447 1659 co
472 1608 494 1656 o
566 1605 618 1672 ey.

454 1698 484 1794 d.
511 1687 804 1770 MMCXXXIX.
835 1686 894 1760 Ell
917 1686 1031 1766 adhuc
1052 1688 1115 1760 alia
1136 1685 1258 1779 species
1278 1710 1388 1765 motus
1412 1696 1545 1768 inventa
1572 1695 1615 1766 ab
1636 1713 1788 1767 accurato
1811 1694 1933 1767 artifice
1942 1744 1994 1795 ,ab
2078 1753 2082 1765 .

404 1796 533 1889 Joannc
559 1795 704 1865 Paauwr
738 1810 813 1862 curn
836 1784 1041 1857 manubrium
1065 1785 1110 1856 M
1134 1789 1167 1857 iu
1193 1788 1371 1858 rotundum
1401 1792 1554 1873 vertitur,
1580 1810 1616 1861 ut
1644 1790 1678 1862 dt
1708 1796 1775 1864 axis
1802 1791 1856 1877 E,
1881 1796 1934 1865 cui
1943 1744 2084 1875 rigida

405 1893 594 1963 adhaerescit
616 1891 784 1962 brachium
807 1883 837 1956 F
861 1903 937 1954 curn
959 1880 1109 1969 cylindro
1133 1882 1287 1954 versatili:
1311 1884 1477 1973 cylindrus
1500 1886 1602 1956 libere
1627 1890 1732 1981 agitur
1753 1891 1788 1959 in
1811 1890 1936 1961 annulo

403 2011 504 2062 ovato
529 1988 624 2073 CD,
649 1992 692 2058 ita
714 1988 936 2076 reciprocatur
957 1978 1107 2051 ambolus
1133 1976 1260 2066 GlK,
1285 1976 1323 2051 dt
1343 1982 1520 2053 coercetur
1541 1984 1576 2052 in
1602 1980 1637 2050 G
1663 1980 1698 2050 ἃ
1724 1981 1780 2065 Η,
1806 2004 1841 2053 ut
1865 2006 1935 2059 tan·

401 2106 475 2157 turn
495 2088 580 2156 retia
607 2083 723 2155 sursum
747 2077 964 2168 deorsumque
986 2077 1111 2149 moueri
1127 2075 1240 2165 pullu:
1267 2078 1374 2148 tranfit
1395 2076 1530 2167 pistillus
1562 2080 1595 2147 in
1622 2077 1640 2148 l
1666 2078 1783 2169 coria,
1816 2101 1935 2169 aquarn

403 2180 439 2254 ἃ
462 2185 570 2254 adrem
596 2183 794 2263 retinentia,
828 2196 914 2266 aqua
938 2192 979 2243 ex
1003 2172 1101 2243 antlia
1124 2171 1235 2243 influit
1256 2178 1290 2241 in
1311 2194 1428 2242 cavum
1449 2172 1501 2255 L,
1525 2176 1747 2264 premiturque
1769 2177 1812 2245 ab
1833 2177 1934 2262 aere,

399 2299 438 2371 ut
454 2278 651 2376 ingrediatur
677 2278 816 2355 tubum,
840 2272 1105 2356 exprimaturque
1126 2289 1168 2334 ex
1192 2268 1298 2337 rostro
1323 2265 1372 2336 N.

444 2404 477 2492 ς.
502 2394 704 2469 MMCXL.
736 2388 899 2464 Perletlio
930 2386 1101 2458 antliarum
1132 2387 1294 2478 pandera
1317 2385 1428 2460 multis
1458 2388 1726 2479 circumstantiis,
1758 2413 1832 2483 qute
1864 2391 1935 2465 sunt

402 2499 423 2574 s
459 2516 586 2569 uentes.

416 2521 830 2665 eq10.Diameterantliae
857 2579 1052 2677 &proinde
1073 2580 1198 2654 emboli
1221 2580 1453 2655 confiderunda
1476 2584 1525 2653 est
1546 2582 1696 2675 respedlu
1722 2586 1837 2659 vidum
1863 2610 1936 2662 mo·

405 2705 545 2765 metum.
775 2756 778 2766 .

459 2806 509 2859 ι’.
535 2785 587 2858 Ut
609 2783 759 2856 embolus
781 2784 868 2852 resta
893 2779 1012 2854 sursum
1032 2775 1073 2860 ,dt
1103 2779 1254 2856 deorsum
1271 2795 1440 2852 moveatur
1464 2779 1500 2848 in
1520 2776 1618 2850 antlia
1643 2773 1777 2869 ejusqu'e
1800 2783 1937 2872 pistillus

405 2882 534 2973 semper
552 2900 681 2951 maneat
706 2880 832 2960 remus,
858 2898 920 2946 nec
943 2876 1136 2946 inflectatur.

457 2998 508 3071 3⁰.
542 2975 591 3048 Ut
613 2974 765 3050 embolus
787 2992 958 3041 moveatur.
980 2974 1015 3041 in
1037 2969 1136 3064 antlia
1161 2992 1236 3040 cunr
1259 2973 1393 3042 minima
1413 2970 1583 3051 frictione,
1609 2964 1661 3052 dt,
1686 2970 1708 3039 fi
1733 2970 1801 3040 lieri
1824 2974 1938 3062 polilt,

404 3092 553 3240 accurat?
574 3087 735 3237 ⁰⁰¹}33lm‘
755 3086 831 3137 cum
850 3071 987 3136 cavitate
1009 3066 1139 3159 antliae,
1163 3064 1265 3150 ab're,
1288 3061 1326 3135 dr
1341 3086 1436 3156 aquae
1460 3063 1624 3136 tranfitum
1644 3084 1744 3160 neget
1763 3069 1846 3141 inter
1862 3055 1938 3146 utri·

405 3194 509 3264 usque
544 3190 624 3262 uper
648 3189 726 3238 cres.
1340 3199 1354 3234 ,ι

453 3277 507 3360 4⁰.
533 3265 583 3338 Ut
603 3262 726 3334 emboli
753 3259 862 3332 motus
888 3261 1062 3329 conveniat
1086 3265 1163 3330 cum'
1187 3258 1369 3349 capacitate
1385 3256 1516 3344 antliae,
1541 3256 1797 3352 canalis'aquam
1815 3261 1936 3340 vehen·

406 3369 468 3453 tis,
494 3364 529 3437 δι
551 3362 752 3444 altitudine,
792 3357 834 3427 ad
861 3376 959 3447 quam
981 3377 1065 3445 aqua
1092 3341 1143 3425 eff
1161 3353 1350 3426 attollenda.

457 3482 497 3554 5⁰
523 3455 815 3542 Diamerertnrltae
841 3452 939 3521 debet
957 3449 1021 3519 effe
1045 3456 1079 3521 in
1099 3452 1238 3540 quadam
1257 3452 1383 3522 ratione
1404 3475 1480 3524 curn
1503 3452 1660 3526 diametro
1684 3456 1803 3528 canalis
1819 3478 1936 3548 aquam

404 3560 579 3646 vehentis,
612 3551 647 3620 dt
669 3555 747 3620 cum
770 3549 942 3620 velocitate
966 3545 1118 3636 emboli,
1151 3543 1186 3614 δι
1209 3567 1286 3615 cum
1312 3546 1504 3630 altitudine,
1527 3548 1569 3616 ad
1594 3570 1692 3637 quam
1717 3572 1800 3640 aqua
1822 3552 1870 3623 est
1889 3547 1937 3627 ari

408 3652 564 3729 tollenda.
927 3715 931 3722 ,
1260 3647 1262 3651 ’
1612 3707 1618 3712 .
1648 3709 1651 3714 ,
1923 3657 1931 3663 ··

459 3751 510 3820 6⁶.
537 3748 638 3818 Ratio
655 3742 701 3814 est
715 3737 863 3811 habenda
878 3734 1074 3808 valuularum
1087 3753 1154 3804 tarn
1171 3736 1204 3804 in
1219 3734 1375 3818 embolo,
1401 3756 1500 3823 quam
1515 3738 1550 3808 io
1578 3737 1697 3823 antlia,
1722 3758 1778 3812 aut
1798 3743 1831 3811 in
1850 3717 1936 3822 tubis
2076 3763 2084 3782 ·

406 3867 526 3939 aquam
547 3842 759 3922 vehentibus,
784 3832 819 3906 dt
839 3833 928 3916 loci,
950 3835 982 3902 in
998 3852 1066 3922 quo
1084 3829 1247 3923 ponende
1264 3829 1336 3902 sunt
1351 3827 1507 3922 minute,
1533 3852 1570 3905 ut
1585 3853 1670 3925 aqua
1686 3836 1820 3909 minima
1836 3842 1868 3910 vi
1883 3860 1935 3913 at·
2042 3819 2045 3834 ’

410 3944 483 4017 tolli
507 3941 603 4034 poffit
624 3939 664 4009 ad
687 3934 849 4027 quaelitam
874 3926 1087 4000 altitudinem.
1119 3953 1125 3962 ·
1155 3955 1160 3964 ·
1228 3952 1241 3990 a.
1615 3957 1619 3964 ·
1832 3963 1836 3970 ·
1927 3923 1937 3974 Γ

455 4058 508 4133 7⁰·
533 4030 791 4109 Determiuanda
807 4027 853 4098 eil
870 4026 1003 4099 firmitas
1018 4025 1209 4110 antliarum,
1226 4025 1458 4109 embolorum‚
1474 4027 1690 4117 pistillorum,
1708 4029 1743 4102 dc
1758 4036 1934 4121 canalium,

404 4139 543 4233 proinde
566 4131 722 4206 eradities
754 4128 872 4199 horum
894 4143 1101 4216 corporum,
1134 4144 1191 4210 ut,
1213 4145 1255 4196 ert
1278 4146 1342 4215 qua
1363 4127 1496 4196 materia
1522 4123 1622 4210 fiant,
1647 4128 1788 4201 ‘reiistant
1811 4133 1935 4206 viribus

408 4234 613 4309 moventibus
635 4226 670 4301 dt
693 4225 857 4321 prellurae.

455 4357 487 4525 F.
512 4353 732 4430 MMCXLI.
759 4353 859 4443 Aqua
885 4346 1083 4440 adimplente
1103 4346 1234 4420 antliam
1256 4345 1308 4419 vel
1330 4345 1476 4418 canalem
1492 4344 1674 4448 equiferum
1688 4370 1792 4441 usque
1806 4349 1847 4422 ad
1862 4370 1932 4421 em-

406 4457 455 4529 bo
468 4478 542 4539 um,
560 4458 630 4533 vis,
653 4474 718 4544 qua
743 4450 895 4521 embolus
911 4443 1061 4517 deorsum
1079 4447 1256 4535 premitur,
1270 4443 1457 4536 estaequalis
1472 4446 1609 4535 ponderi
1623 4446 1786 4520 columnae
1808 4470 1933 4540 aqueae,

407 4554 502 4641 cujus
526 4550 662 4621 altitudo
675 4548 722 4619 est
739 4548 871 4641 aqualis
911 4541 1146 4637 erpendiculari
1160 4540 1345 4631 columnae,
1370 4538 1406 4613 ἃ
1428 4542 1654 4635 balisaequalis
1678 4543 1811 4620 sectioni
1827 4550 1931 4622 circu·

391 4648 470 4720 -tari
487 4645 593 4716 antliae
620 4646 671 4717 vel
693 4647 758 4716 bafi
774 4568 909 4715 embol).

461 4745 510 4816 Sit
528 4744 625 4813 antlia
650 4744 752 4829 AB,
781 4765 863 4833 aqua
886 4744 918 4817 in
944 4742 993 4825 B,
1018 4741 1168 4814 embolus
1190 4727 1321 4814 tollatur
1346 4744 1367 4819 a
1393 4741 1424 4816 B
1451 4741 1551 4835 usque
1573 4742 1615 4815 ad
1638 4742 1693 4832 C,
1719 4738 1858 4843 &aqua
1884 4748 2076 4836 abraam,

409 4843 488 4916 abre
512 4839 614 4932 prelia
628 4839 775 4932 sequatur
791 4838 956 4911 embolum
972 4838 1014 4909 ad
1039 4839 1095 4927 C,
1120 4844 1322 4935 concipiatur
1338 4841 1404 4938 jam
1431 4842 1490 4915 ab'r
1506 4861 1656 4918 externus
1674 4841 1708 4917 ἃ
1723 4847 1869 4922 internus
1884 4837 1984 4922 exfll·
1999 4850 2029 4899 θ’

408 4941 508 5040 budh
523 4938 685 5029 sublim,
709 4939 847 5031 nitetur,
871 4933 1046 5015 &labetur
1061 4937 1214 5113 ⁰⁰¹⁰¹3¹s¹¹²
1234 4939 1303 5015 CB
1316 4961 1402 5020 -toto
1414 4934 1565 5042 pondere
1579 4943 1749 5033 deorsum
1775 4963 1875 5039 ergo,
1889 4933 1926 5112 g

448 5073 451 5080 ·
1189 5056 1203 5110 t
1226 5057 1263 5111 tt
1286 5058 1300 5111 t
1323 5066 1346 5115 a
