4992 6767
709 691 871 790 DE
1020 692 1185 788 issa
1265 699 1319 786 R.
1388 693 1440 778 E.
1760 695 1855 806 393

374 892 473 986 Spica
493 881 617 983 Ar‘nsae
641 884 797 977 quamdin
820 885 923 968 viret,
947 885 994 956 esl
1015 891 1167 978 optima,
1192 908 1328 981 tumque
1351 889 1436 960 bene
1452 889 1672 972 convertitur,
1697 887 1729 958 se
1746 888 1851 960 invol-

329 989 394 1071 vit,
420 985 454 1060 dt
479 985 616 1056 evolvit:
642 983 697 1056 sed
715 1004 791 1056 cum
813 987 895 1054 intra
919 1004 1043 1076 paucos
1062 985 1185 1062 menses
1206 986 1397 1062 viriditatem
1412 986 1550 1068 amittit,
1573 985 1722 1060 avolante
1740 984 1801 1056 sale
1817 980 1855 1054 dt

327 1085 407 1158 oleo
431 1083 466 1154 fit
487 1082 666 1154 inmobilis.
1026 1099 1036 1120 ··

336 1245 340 1254 .
380 1182 499 1256 Oleum
522 1180 664 1258 Veram·
681 1182 720 1256 in
744 1181 846 1253 vitreo
874 1180 1007 1256 vasculo
1038 1202 1154 1274 aperto
1184 1207 1226 1258 ex
1248 1183 1382 1260 Bilvnee
1407 1181 1589 1276 suspensum
1612 1183 1785 1255 humorem
1810 1197 1852 1262 ex

325 1278 401 1354 alite
426 1281 537 1364 trabit,
563 1280 691 1377 gravius
717 1277 773 1362 sit,
799 1299 913 1350 verum
936 1279 1048 1371 possea
1071 1303 1140 1354 non
1164 1282 1322 1369 siccatur,
1345 1285 1440 1354 nimis
1465 1301 1561 1354 tenax
1583 1281 1742 1354 humoris.

325 1415 331 1428 ·
377 1378 560 1452 Florentius.
581 1373 791 1448 infundibulo
813 1378 939 1464 vitreo,
964 1376 1099 1450 inferius
1122 1378 1231 1453 clauso
1258 1377 1344 1452 &in
1357 1378 1524 1469 cuspidem
1536 1377 1693 1450 desinenti
1713 1377 1854 1472 glaciem

325 1474 493 1644 {fficium
519 1473 739 1590 bumonedris
762 1473 893 1586 advolat
911 1525 929 1588 ’.
949 1474 1051 1642 quse}
1064 1476 1217 1567 pellicull
1237 1478 1414 1550 obducitur
1433 1474 1617 1566 superficies
1639 1477 1852 1592 infundibuli,

326 1589 1018 1763 ...simplisinsiliis?
1038 1575 1381 1742 similises
1402 1572 1855 1766 residissem

325 1767 427 1838 Adeo
442 1786 477 1838 ut
490 1789 532 1840 ex
548 1767 720 1852 omnibus,
745 1785 819 1858 quae
838 1763 879 1838 ab
901 1767 1098 1856 experientia
1121 1765 1230 1836 edom
1252 1767 1461 1851 tradidimus,
1486 1788 1616 1858 pateat,
1639 1767 1763 1842 nullum
1781 1767 1856 1840 No·

329 1864 517 1937 tiomettum
539 1866 709 1954 bucusque
730 1860 793 1934 esse
814 1865 1007 1948 inventum,
1042 1862 1136 1952 quod
1157 1862 1283 1952 aliquot
1304 1866 1398 1934 annis
1419 1883 1528 1932 manet
1549 1867 1583 1934 in
1605 1866 1724 1936 eodem
1742 1866 1857 1952 datu,

329 1955 365 2030 dt
389 1963 444 2032 cui
468 1981 616 2036 accurate
643 1960 699 2030 sitsi
722 1957 848 2052 potest:
873 1959 896 2030 fi
918 1958 1165 2032 Notionretrum
1191 1959 1858 2049 pendeat-in10c0,qui1ibereaba·e·re

325 2055 499 2147 perflatur,
526 2057 632 2130 multo
657 2061 733 2150 plus
756 2054 791 2129 δι
811 2060 907 2128 citius
931 2055 1111 2138 afficietur,
1137 2075 1235 2144 quam
1259 2056 1350 2146 quod
1373 2055 1420 2126 est
1443 2058 1477 2126 in
1504 2056 1582 2125 loco
1606 2053 1735 2136 clauso,
1760 2053 1796 2126 dt
1821 2061 1857 2132 in

325 2175 393 2244 quo
414 2156 476 2226 a'e'r·
498 2154 631 2252 slagnar.
669 2165 722 2226 fin
743 2175 851 2226 autem
875 2153 994 2226 humor
1017 2175 1075 2242 per
1098 2153 1209 2224 aerem
1236 2152 1282 2220 est
1303 2151 1505 2238 aequabiliter
1529 2148 1738 2220 distributus?
1763 2154 1861 2222 mini·

323 2271 400 2338 meq
425 2273 502 2322 num
521 2256 556 2323 in
581 2273 645 2344 qua
667 2251 837 2322 altitudine
860 2270 972 2319 natant
995 2252 1122 2327 nubes,
1147 2246 1206 2338 abr
1228 2245 1275 2314 ell
1301 2243 1552 2327 horridissimas,
1577 2266 1652 2314 cum
1678 2248 1781 2316 nubes
1796 2249 1859 2322 sint

323 2347 426 2428 modo
447 2371 561 2436 aqueae
587 2347 729 2414 nebulae.
783 2342 864 2410 ldeo
889 2337 1010 2409 nebula
1037 2344 1069 2406 in
1094 2337 1165 2408 solo
1190 2360 1307 2430 repens
1327 2344 1438 2410 omnia
1463 2338 1661 2412 madefacit:
1696 2343 1750 2411 adr
1775 2362 1858 2415 tem·

324 2465 407 2544 pore
440 2441 557 2512 diurno
590 2439 781 2528 plerumque
811 2459 916 2528 prope
950 2435 1052 2506 solum
1082 2439 1127 2508 cll
1150 2442 1257 2508 minus
1275 2438 1427 2508 humidus
1452 2437 1626 2529 vaporibus
1641 2442 1774 2528 nqueis,
1799 2442 1857 2529 qui

324 2562 367 2626 ex
391 2537 493 2608 Terra
515 2538 677 2608 continuo
705 2533 933 2624 exspimntur,
958 2532 1104 2606 celeriter
1128 2535 1169 2606 ad
1194 2538 1334 2624 aliquam
1359 2534 1564 2607 altitudinem
1588 2556 1648 2628 per
1672 2537 1780 2606 adrem
1802 2558 1857 2626 ca·

325 2635 429 2706 lidum
453 2634 638 2722 siccumque
663 2630 958 2713 adscendentibus,
992 2635 1095 2702 nubes
1125 2633 1158 2701 in
1182 2630 1308 2704 sublimi
1332 2631 1574 2717 formantibus,
1600 2633 1634 2702 in
1659 2653 1724 2724 qua
1749 2634 1858 2708 altitu·

325 2731 402 2804 diue
426 2732 480 2802 aer
504 2729 551 2801 cst
576 2729 836 2812 humidissrmust
864 2749 976 2802 verum
998 2725 1091 2819 supra
1115 2730 1219 2798 nubes
1245 2733 1306 2799 erit
1330 2730 1389 2799 adr
1413 2751 1456 2800 eo
1482 2729 1614 2812 siccior,
1640 2751 1708 2821 quo
1722 2731 1855 2826 editior,

326 2829 404 2918 quia
436 2839 514 2900 non'
532 2830 566 2898 in
595 2825 773 2916 quamlibet
796 2823 999 2896 altitudinem
1024 2847 1161 2916 vapores
1185 2823 1413 2904 adscendunt,
1455 2842 1523 2895 tum
1549 2827 1624 2914 quia
1649 2827 1707 2896 adr
1731 2828 1777 2896 est
1801 2827 1856 2910 sri-

324 2921 454 3024 gidiot,
479 2944 549 3011 quo
570 2920 708 3004 editior,
734 2918 769 2992 dt
789 2923 867 2990 idco
888 2925 994 2990 minus
1016 2943 1112 3014 aptus
1137 2921 1297 2994 solvendis
1312 2919 1347 2992 dt
1365 2917 1542 2992 retinendis
1558 2921 1743 3012 saporibus.
1785 2918 1858 2993 Hu-

325 3013 512 3088 midlslimus
543 3015 590 3084 est
622 3018 680 3087 adr
705 3037 810 3106 prope
844 3019 968 3099 maria,
996 3019 1160 3105 paludes,
1183 3017 1301 3102 lacus,
1328 3015 1493 3102 flumina,
1519 3016 1642 3105 sylvas:
1676 3014 1857 3094 srccislinrus

322 3114 371 3186 ell
390 3117 424 3184 in
448 3113 530 3184 locis
551 3112 669 3202 procul
697 3132 716 3180 n
741 3113 840 3195 mari,
868 3109 903 3179 dt
925 3113 1082 3196 lacubus,
1108 3113 1165 3184 ubi
1186 3114 1326 3184 multum
1359 3135 1493 3198 arenae,
1518 3134 1635 3204 rupes,
1661 3109 1698 3183 δι
1720 3134 1858 3206 campo·

326 3233 397 3285 rum
423 3211 574 3302 planities
599 3208 698 3281 sunt:
739 3209 791 3280 sed
819 3229 968 3298 tempore
997 3207 1179 3300 vespertino
1210 3207 1246 3279 ssa
1276 3213 1439 3282 nodumo
1471 3212 1527 3281 adr
1553 3232 1662 3302 prope
1687 3210 1789 3284 solum
1811 3209 1859 3284 ess

326 3307 418 3380 valde
445 3303 614 3389 humidus,
642 3308 717 3397 quia
743 3325 904 3394 perpetuo
928 3326 968 3374 ex
995 3304 1098 3376 Terra
1123 3308 1299 3400 exspiratur
1325 3305 1399 3378 Ros
1425 3307 1488 3378 five
1504 3307 1690 3392 anhelitus,
1712 3309 1769 3399 qui
1788 3307 1859 3380 lers-

326 3426 362 3477 te
384 3406 487 3476 modo
511 3410 543 3476 in
571 3404 671 3474 altum
698 3402 865 3473 adscendit
885 3453 897 3488 ,
923 3405 956 3472 in
978 3422 1061 3472 tetra
1086 3407 1198 3495 repit,
1225 3425 1341 3475 omnes
1365 3405 1709 3498 praeminentem,
1735 3403 1771 3477 δι
1796 3428 1859 3482 nm

327 3505 400 3574 trit:
428 3523 605 3593 praetcrea,
639 3501 661 3566 fi
689 3519 793 3586 prope
813 3497 1040 3566 solumventus
1057 3498 1191 3592 frigidus
1211 3502 1402 3588 spiraverit,
1427 3501 1486 3570 adr
1511 3502 1556 3568 ibi
1579 3506 1686 3582 minus
1709 3502 1858 3576 humoris

327 3601 494 3689 abripiet:
522 3597 543 3666 st
568 3595 661 3686 supra
686 3594 829 3682 priorem
854 3609 985 3662 ventum
1011 3590 1091 3662 alius
1114 3592 1249 3663 calidior
1266 3592 1448 3681 spiraverit,
1474 3594 1533 3664 adr
1557 3595 1602 3662 ibi
1622 3597 1726 3664 multo
1750 3599 1857 3678 humi.

329 3695 503 3776 dorent,
536 3713 612 3763 cunt
635 3707 751 3760 ventus
773 3686 895 3759 calidus
921 3686 1031 3777 plures
1053 3709 1189 3781 vapores
1214 3686 1360 3781 solvere,
1388 3685 1567 3759 &solutos
1593 3691 1731 3774 retinere
1746 3689 1857 3761 soleat.

378 3831 411 3931 d.
437 3827 721 3904 MMCLXXlll.
746 3825 821 3900 Nec
844 3826 978 3914 inutile,
1008 3849 1070 3900 nec
1092 3829 1292 3900 inamoenum
1322 3830 1383 3900 erit
1407 3823 1584 3900 univerm'
1608 3831 1856 3922 annosphaeram
1898 3829 1976 3920 Τὼ,
2004 3899 2007 3906 .

331 3928 571 4014 considerasse,
606 3928 699 4019 cujus
729 3946 852 4017 partem
886 3924 973 4016 quasi
1004 3944 1126 3996 tantum
1151 3926 1320 4015 hucusque
1347 3925 1578 4017 perspeximus.
1629 3928 1911 4024 Atnrosplraerang
1927 3929 1973 4020 7,'

329 4025 495 4105 AKGR
516 4027 556 4097 ab
580 4027 671 4097 omni
698 4045 787 4114 parte
813 4022 987 4094 Terrarum
1009 4025 1125 4094 orbem
1149 4021 1287 4116 DHFQ
1313 4023 1537 4114 amplesiitur,
1561 4025 1640 4114 qui,
1664 4024 1856 4102 siunacum

330 4124 544 4214 atmospbaera
566 4127 767 4214 quiesceret,
792 4141 855 4191 nec
879 4123 964 4190 circa
990 4123 1064 4190 axin
1090 4122 1208 4190 diurno
1234 4141 1327 4190 motu
1351 4123 1645 4216 circumageretur,
1669 4142 1710 4191 ex
1727 4119 1854 4218 legibue

330 4224 491 4317 gravitatis
512 4217 736 4310 atmosphaerae
759 4217 862 4313 ligura
888 4216 1039 4306 sphaerica
1063 4215 1224 4288 AKGR
1252 4216 1356 4296 foret,
1382 4221 1551 4308 quianon
1577 4219 1682 4309 potest
1708 4222 1855 4308 quiesce·

329 4340 365 4391 re
389 4317 547 4405 fluidum,
568 4319 624 4390 nis
652 4337 671 4388 a
695 4336 810 4389 centro
837 4317 999 4412 gravitatis
1022 4312 1053 4384 E
1076 4313 1218 4384 universa
1236 4314 1419 4406 superficies
1444 4316 1610 4408 equaliter
1634 4315 1789 4388 dislitetit.

378 4459 410 4554 ς.
437 4463 717 4539 MMCLXXIV.
743 4462 868 4536 Verum
888 4486 970 4536 terra
992 4460 1106 4534 DEF
1131 4464 1217 4533 circa
1236 4463 1310 4533 axin
1336 4457 1494 4534 ADFG
1518 4481 1611 4534 motu
1637 4460 1783 4548 diurno,
1817 4454 1855 4536 st

331 4579 408 4628 cum
430 4580 468 4628 ea
492 4560 583 4631 fimus
604 4563 819 4654 annosphaera
847 4562 918 4634 ΑΚ
931 4560 1009 4633 GR
1035 4563 1191 4634 vertitur:
1224 4563 1436 4649 quamobrem
1469 4559 1563 4651 hujus
1595 4578 1702 4652 partes
1724 4559 1854 4634 diversis

330 4654 452 4727 viribus
476 4656 663 4750 centrifugis
681 4665 722 4730 ab
746 4683 804 4732 axe
830 4660 903 4733 AG
928 4661 1098 4744 recedent,
1124 4681 1166 4728 eo
1187 4657 1383 4751 majoribus,
1410 4680 1477 4748 quo
1501 4661 1542 4728 ab
1566 4678 1625 4729 axe
1649 4655 1723 4749 plus
1738 4659 1855 4730 distant

332 4770 393 4838 per
408 4797 410 4801 -
421 4748 452 4837 §.
469 4751 552 4842 506.
577 4753 609 4820 dt
632 4759 762 4842 quidem
785 4760 962 4829 diresiione
980 4756 1235 4849 perpendiculari
1256 4759 1297 4828 ad
1320 4762 1394 4831 axin
1415 4756 1491 4829 AG
1513 4758 1675 4829 recedent.
1726 4757 1853 4828 ldcirco

333 4845 434 4938 ligura
469 4850 694 4938 atmosphaerae
727 4855 839 4924 evadet
872 4855 1066 4944 spharoidea
1091 4855 1238 4928 ALGS
1255 4879 1263 4925 a
1296 4877 1369 4927 nam
1399 4856 1467 4952 ejus
1485 4871 1604 4950 pnrte's
1632 4863 1853 4947 in'aequatore

329 4938 429 5035 HQ,
461 4941 549 5020 &iu
563 4949 675 5023 vicinis
695 4949 777 5024 locis
801 4952 905 5024 mttlto
924 4954 1004 5052 plus
1026 4955 1073 5029 ab
1091 4977 1153 5054 arte
1173 4952 1250 5031 DF
1264 4953 1401 5049 dislent,
1425 4962 1572 5054 qutm'in
1585 4955 1688 5082 locis,
1712 4959 1768 5048 qui
1788 4965 1852 5125 iffi
