4992 6767
750 781 756 792 Ι
874 665 918 764 D
976 665 1014 758 B
1152 664 1172 751 l
1225 664 1273 768 ,G
1326 666 1375 758 N
1427 669 1480 762 E.
1869 680 1961 798 ’6ηΙ

425 890 578 972 quanam
598 866 728 959 species¹
746 860 807 934 sint
832 860 1004 959 eligenda.
1032 859 1142 950 ,Usus
1164 863 1211 936 est
1235 863 1368 961 infignis
1395 860 1575 961 Chirurgis,
1593 861 1737 942 oduario
1761 869 1951 966 emplastra,

418 996 509 1050 nunc
531 968 662 1040 sicciora
682 959 720 1034 δι
745 959 896 1047 duriora,
922 982 1011 1031 nunc
1035 959 1185 1032 molliora
1210 961 1401 1047 efficienda,
1426 983 1567 1052 quorum
1593 983 1704 1057 partes
1728 986 1853 1056 ocyus„
1877 970 1948 1043 lea·

420 1075 506 1154 tius,
536 1065 677 1136 incutis
706 1080 807 1154 poros
838 1053 875 1130 &
905 1080 1029 1149 corpus
1057 1057 1194 1130 animale
1228 1064 1406 1151 irreptant:
1439 1058 1573 1136 Inseruit
1594 1066 1698 1142 etiam.
1716 1062 1863 1154 duslrina
1886 1069 1948 1154 iis,

462 1165 579 1235 ‘varia
600 1180 774 1252 corpora,
799 1160 845 1227 uti
867 1156 1053 1226 linteamina
1072 1157 1208 1247 picant,
1233 1177 1288 1228 aut
1311 1178 1350 1229 ea
1376 1156 1567 1248 obliniunt,
1592 1181 1667 1234 nam
1692 1164 1787 1232 uariae
1811 1163 1945 1257 adipum

414 1263 538 1356 species
559 1256 703 1332 confusae
728 1251 917 1337 &oblitae‚
942 1252 1086 1325 efficiunt
1108 1274 1147 1324 ea
1171 1253 1348 1338 molliora,
1374 1253 1529 1341 duriora,
1553 1261 1658 1355 magis
1681 1261 1828 1332 minusve
1852 1258 1943 1332 flexi.

412 1357 509 1432 bilia:
537 1355 602 1429 Sed
622 1354 806 1444 Saponariis
827 1351 974 1442 inprimis
996 1350 1170 1422 conducit:
1197 1370 1266 1421 tum
1292 1352 1422 1443 Coquis
1445 1373 1506 1442 pro
1531 1351 1695 1446 lardariis,
1720 1352 1786 1430 dte.
1817 1354 1944 1449 Phyfici

411 1451 449 1529 dt
473 1454 627 1529 Chemici
646 1473 688 1523 ex
710 1449 800 1522 hisce
822 1452 919 1519 etiarn
944 1446 1101 1528 multasti
1123 1446 1197 1520 suos
1223 1447 1296 1520 niis
1321 1446 1489 1538 transferre
1512 1450 1655 1541 possunt.
1929 1466 1934 1477 '

463 1576 496 1677 s.
519 1575 765 1651 MDXXXVI.
790 1576 874 1648 Sunt
897 1575 1048 1667 quadam
1073 1591 1236 1666 corpora,
1262 1594 1337 1665 quae
1362 1574 1428 1646 sola
1451 1577 1493 1646 ab
1518 1576 1595 1670 igne
1619 1580 1757 1651 terrestri
1780 1600 1939 1670 autnon,
2051 1617 2054 1624 ·

410 1696 468 1752 aut
487 1675 660 1748 difficulter
684 1674 725 1744 ad
742 1672 902 1745 fusionem
927 1672 1146 1767 rediguntur,
1172 1673 1194 1742 si
1217 1671 1267 1744 his
1291 1671 1428 1763 alterum
1452 1692 1573 1762 corpus
1597 1676 1755 1764 additur,
1778 1676 1862 1770 sitsro
1884 1681 1944 1751 ad·

401 1772 557 1868 iuuatur:
593 1777 638 1858 ita
665 1793 780 1845 omnes
803 1792 921 1856 terrm,
955 1791 1030 1860 quae
1056 1792 1115 1861 per
1140 1771 1172 1840 se
1193 1770 1236 1840 ab
1257 1771 1334 1865 igne
1360 1770 1497 1841 terrestri
1530 1771 1756 1864 violentissimo
1782 1797 1823 1847 ne
1847 1773 1940 1849 fundi

410 1871 545 1964 quidem
569 1869 727 1965 possunt,
759 1868 814 1941 sed
833 1867 993 1954 friantur,
1025 1867 1155 1961 adjeslis
1189 1866 1317 1938 Solibus
1353 1865 1510 1938 Alcalinis
1533 1869 1568 1940 in
1594 1868 1731 1943 liuidum
1755 1875 1874 1961 ultrum
1900 1873 1939 1944 li·

403 1987 568 2135 guanffn
594 1970 638 2038 ita
664 1967 738 2039 sunt
759 1962 867 2050 Siler,
892 1969 1023 2055 Areua,
1050 1962 1191 2056 GIarea,
1213 1961 1316 2056 Lapis
1332 1962 1505 2052 Corneus,
1530 1963 1736 2063 Quartzum,
1762 1970 1937 2068 Agathos,

438 2087 461 2137 o
545 2088 609 2137 rius
652 2086 708 2136 as
735 2087 762 2135 rs
862 2116 871 2135 .
1820 2111 1827 2123 .

455 2087 592 2233 sperrynm
608 2117 629 2249 ,⁹
653 2065 750 2249 ἷἘεΡ,
784 2065 1000 2259 surgentum,
1036 2159 1163 2253 adjeuo
1186 2158 1376 2250 Sulphure.
1406 2162 1439 2231 in
1472 2143 1611 2233 modico¹
1631 2165 1708 2259 igne
1731 2161 1934 2239 fundantur:

404 2257 634 2346 Bismutlrum,
655 2280 729 2331 tum
762 2259 902 2345 Borax,
927 2257 979 2329 vel
1002 2255 1138 2329 Nitrnm
1162 2278 1227 2349 ope
1253 2255 1379 2327 Tartari
1404 2254 1537 2330 fixarum
1559 2258 1761 2350 reliquorum
1785 2262 1937 2336 metallo·

403 2361 477 2428 rum
491 2353 653 2429 fusionem
674 2349 876 2438 accelerant,
901 2354 1181 2443 quemadmodum
1199 2351 1322 2424 Oleum
1348 2348 1384 2422 dt
1400 2351 1513 2445 Adeps
1539 2375 1611 2426 eam
1637 2354 1767 2428 Plumbi
1787 2356 1822 2428 δι
1840 2358 1936 2431 Stan-

398 2454 450 2525 ni.
498 2451 654 2524 Marmor
679 2447 714 2523 δι
737 2450 825 2520 Siler
851 2454 885 2521 in
906 2450 986 2521 loco
1013 2450 1134 2542 speculi
1167 2448 1278 2521 ustorii
1305 2447 1534 2538 calciuenttrr,
1564 2454 1671 2524 ambae
1702 2453 1809 2527 calces
1833 2455 1935 2528 mislae

402 2552 474 2620 cito
501 2547 718 2620 refunduntur
740 2545 836 2617 versae
858 2550 891 2618 in
912 2549 1031 2617 vitrum
1051 2547 1154 2640 (b),
1172 2549 1223 2628 ¹uti
1247 2567 1384 2639 quoque
1405 2546 1441 2617 sit
1455 2571 1483 2636 ‘a
1509 2549 1608 2621 Silice
1633 2572 1711 2624 cum
1735 2550 1837 2626 Creta
1861 2551 1944 2634 Bri·

405 2647 537 2715 tannica
552 2643 651 2712 misto
676 2641 764 2733 (c).
811 2640 915 2710 Multi
945 2641 1069 2729 lapides
1090 2640 1266 2733 Argillacei
1282 2640 1317 2711 dt
1334 2640 1460 2731 Gypsei
1485 2646 1515 2714 le
1540 2667 1656 2719 mutuo
1688 2648 1815 2722 solvunt
1840 2647 1876 2722 dt
1899 2655 1937 2726 in

407 2741 529 2810 vitrum
561 2757 740 2810 vertuntur.
790 2734 933 2827 Lapides
965 2733 1060 2804 sacile
1090 2737 1298 2805 vitreacentes
1330 2736 1446 2824 adjesti
1470 2742 1647 2834 argillaceis
1672 2741 1708 2813 dt
1734 2745 1861 2840 gypseis
1883 2747 1936 2821 su.-

399 2834 530 2905 sionem
553 2834 755 2903 accelerante
787 2850 929 2902 attamen
951 2828 1125 2901 difficulter
1145 2833 1355 2901 vitrescentes
1378 2852 1455 2904 cum
1479 2838 1666 2909 memoratis
1690 2858 1760 2910 aon
1785 2839 1868 2917 siunt
1890 2846 1937 2912 ui-

403 2947 511 3014 trum,
536 2946 652 2998 atrtore
677 2924 829 2998 Gellerto
854 2924 949 3019 (d).
1536 2957 1541 2964 ·

451 3054 484 3153 s.
501 3050 762 3127 utuxxxvlt.
779 3049 866 3147 Quat
885 3048 1104 3123 refunduntur
1116 3046 1270 3133 metalla,
1291 3065 1466 3140 antequam
1485 3049 1562 3144 igne
1576 3051 1738 3143 candent,
1749 3053 1816 3148 jam
1834 3059 1934 3134 fluida

400 3157 572 3227 maximam
597 3153 680 3249 ignis
703 3152 833 3241 copiam
860 3169 928 3218 non
951 3142 1159 3237 sorpsetunt,
1184 3164 1247 3215 nec
1272 3146 1414 3216 maxime
1440 3164 1588 3234 tument,
1614 3145 1669 3218 sed
1694 3150 1829 3241 quando
1853 3157 1932 3251 igne

403 3255 525 3344 liquata
549 3245 728 3343 splendent.
778 3244 869 3316 Nam
883 3244 1060 3336 ,plumbum
1088 3240 1230 3337 agradu
1250 3241 1437 3332 incipientia
1459 3237 1559 3313 fluidi
1584 3264 1689 3335 usque
1713 3246 1755 3319 ad
1780 3247 1931 3341 splendo-

401 3371 471 3421 rem
503 3352 535 3420 in
559 3350 636 3442 igne
659 3343 851 3429 reduslum,
933 3341 993 3413 dus
1014 3336 1233 3409 ratesasiionis
1259 3336 1320 3428 46.
1343 3339 1377 3408 in
1402 3336 1488 3408 ferro
1511 3337 1613 3409 nostri
1638 3337 1841 3435 Pyrometri‚
1867 3353 1930 3422 cir·

402 3465 441 3520 ca
471 3443 564 3537 quod
596 3442 819 3525 fundebatur,
852 3460 962 3530 pures
996 3435 1178 3506 suscitavit:
1213 3433 1272 3504 An
1303 3450 1411 3504 autem
1444 3432 1504 3504 alia
1530 3436 1676 3522 metalla,
1702 3461 1777 3531 quar
1802 3462 1929 3518 tanturn

401 3544 573 3614 candentia
597 3540 780 3628 liquantur,
806 3536 872 3603 hot
889 3532 994 3602 aliove
1014 3529 1117 3600 modo
1141 3529 1202 3599 stnt
1225 3549 1433 3617 computata,
1457 3533 1606 3602 nondum
1631 3553 1781 3608 accurate
1806 3540 1852 3610 est
1870 3562 1928 3614 ex·

398 3640 586 3732 ploratum,
611 3634 664 3703 sed
684 3654 725 3700 ex
752 3633 823 3699 aliis
838 3627 1121 3698 'obseruationibus
1145 3624 1403 3709 concluderem,
1436 3629 1569 3715 quando
1595 3627 1701 3708 fluere
1735 3656 1926 3727 caeperunt.

399 3734 552 3806 nondum
574 3725 846 3803 vehementissime
872 3724 986 3795 calere.
1036 3724 1091 3793 An
1116 3721 1149 3791 id
1170 3741 1236 3791 non
1270 3721 1333 3804 fit,
1364 3723 1440 3810 quia
1474 3725 1558 3818 ignis
1590 3725 1800 3817 amplissimos
1823 3753 1927 3823 poros

398 3834 543 3923 primum
565 3825 749 3924 ingressus,
782 3843 888 3913 partes
912 3819 1046 3912 quidem
1072 3818 1143 3887 satis
1172 3820 1335 3900 remouit,
1366 3834 1407 3887 ut
1439 3818 1492 3887 vix
1516 3820 1655 3910 amplius
1679 3825 1923 3921 cohaerescant,

398 3928 456 4000 sed
482 3926 612 3997 fluant:
637 3944 749 3994 uerum
774 3918 921 3991 nondum
947 3916 1037 3986 omni
1058 3910 1198 4006 pofflbili
1220 3917 1318 4007 copia
1343 3934 1444 4005 poroa
1469 3917 1668 4011 angustiores
1693 3926 1924 4014 particularum

397 4023 552 4121 ingressos
577 4021 653 4105 est,
682 4040 765 4110 quos
790 4017 846 4088 ubi
866 4017 997 4108 mainus
1021 4010 1195 4105 implevit,
1231 4032 1302 4084 tota
1325 4009 1422 4081 massa
1455 4012 1598 4101 candet,
1631 4018 1706 4109 plus
1731 4025 1815 4119 ignis
1840 4031 1925 4098 reci-

399 4122 507 4215 piendi
531 4124 680 4210 incapax.

445 4250 476 4340 ς.
502 4241 782 4320 MDXXXVlll.
807 4242 901 4339 Quid
922 4260 1002 4315 uero
1026 4237 1202 4313 dicendum
1223 4237 1271 4309 est
1293 4238 1335 4309 de
1358 4231 1492 4325 Ferro,
1518 4237 1608 4330 quod
1633 4243 1666 4313 iu
1691 4242 1861 4314 crucibulo
1883 4247 1924 4318 li·

401 4346 579 4438 quesaeium
606 4346 743 4416 minoris
764 4340 939 4413 voluminis
961 4333 1025 4408 esse
1045 4338 1225 4423 adseritur,
1261 4355 1359 4430 quam
1391 4353 1467 4404 cum
1492 4337 1722 4434 languescente
1746 4342 1823 4438 igne
1848 4339 1923 4414 soll·

398 4445 515 4535 deecit,
541 4443 641 4536 idque
663 4438 726 4513 esse
750 4438 853 4510 solum
874 4432 1064 4525 metallum,
1088 4436 1182 4529 quod
1198 4436 1282 4509 inter
1306 4433 1559 4530 refrigerandum
1584 4431 1757 4514 dilatatur?
1781 4435 1811 4510 F
1811 4458 1916 4614 erran

462 4734 526 4812 (ι)
546 4736 617 4797 Pott
636 4732 912 4812 Lithogneognofia.
1126 4812 1128 4816 Α

467 4812 715 4890 (b)'L'Hlllolre
737 4813 773 4873 de
794 4812 911 4875 l'Aead.
932 4810 1188 4889 Roy.lo.17o5.
1210 4816 1277 4892 pag.
1294 4815 1341 4883 84.

467 4895 524 4971 (c)
547 4891 714 4953 L'Hiilolre
735 4893 772 4951 de
792 4891 905 4953 l’Acad.
933 4890 1014 4970 Ray.¹
1030 4891 1085 4956 ΔΘ.
1106 4900 1193 4972 1699.
1213 4908 1281 4974 pag.
1298 4901 1365 4967 114.
1388 4904 1390 4909 ’

460 4972 521 5053 (d)
544 4970 659 5037 Geilert
680 4971 801 5040 circula
821 4967 1058 5050 Menstruus
1204 4989 1221 5030 .·
1260 4991 1323 5125 m
1344 5045 1426 5130 kk,
