4992 6767
490 603 1480 738 mannitionis-rutarum
1499 613 1831 733 aeramen
1861 627 1944 760 '333

411 839 427 862 '
441 829 495 945 5
508 819 804 918 Uirccccxiv
829 824 1023 910 fluidorum
1044 827 1316 910 artelldtorum
1327 841 1483 936 magnum
1508 808 1561 912 esi
1585 839 1747 939 gratim
1772 819 1939 932 specifice

414 946 583 1030 discrimen
601 957 664 1029 pto
679 937 767 1006 varia
780 935 941 1008 methodo
966 932 1002 1005 &
1025 934 1221 1016 encheireii.
1245 958 1311 1029 qua
1335 958 1442 1029 parata
1459 937 1609 1021 suerunt,
1634 959 1697 1031 pro
1715 937 1855 1029 puritate
1871 962 1940 1016 trra·

466 1038 679 1119 ’minorive3
702 1027 742 1118 ‚de
762 1032 947 1108 additurum
973 1035 1058 1116 vanu
1079 1037 1306 1125 proportione.
1353 1036 1434 1107 ldeo
1460 1037 1542 1118 fiio
1566 1036 1712 1129 repetitis
1734 1039 1939 1124 examinibus

413 1137 500 1214 rliud
531 1133 712 1209 inveniatur
733 1130 866 1223 pondus
889 1132 1105 1223 specificum,
1143 1153 1239 1222 quum
1264 1153 1324 1205 nos
1350 1134 1604 1223 adnotavimus,
1633 1134 1668 1207 id
1689 1131 1779 1229 juxta
1797 1132 1939 1213 scriben-

411 1238 490 1311 dum
512 1233 579 1321 eil,
607 1249 676 1302 nou
699 1247 734 1299 ut
757 1232 939 1301 accuratius
959 1232 1145 1315 inventum,
1171 1228 1226 1301 sed
1251 1251 1287 1301 ut
1312 1230 1483 1303 diverfitas.

407 1379 440 1426 '¹'
467 1396 502 1491 ς,
534 1371 814 1469 MCCCCXV]
839 1371 1053 1483 ‘Quicunque
1096 1368 1162 1462 hoc
1193 1370 1321 1463 Thema
1353 1411 1429 1464 cum
1462 1390 1568 1465 sruiiu
1602 1413 1796 1485 promovere
1828 1399 1935 1490 cupit.

406 1517 467 1572 ·r·.
486 1490 610 1569 rNotet
636 1510 678 1564 ex
716 1495 782 1582 qua
813 1491 946 1584 regione
976 1488 1197 1579 corporaiint
1220 1486 1364 1561 adveua.
1426 1511 1478 1563 2⁰.
1503 1493 1557 1564 An
1582 1492 1764 1578 naturalia,
1795 1514 1837 1566 an
1862 1516 1932 1570 arte

409 1594 504 1676 isia
566 1600 617 1684 3⁰.
648 1589 684 1663 si
715 1586 896 1679 composita
920 1583 1008 1669 lint,
1040 1607 1190 1678 quaenam
1222 1584 1281 1657 lint
1313 1586 1465 1677 admixta
1525 1598 1577 1680 40.
1611 1588 1769 1661 Obsetvet
1792 1589 1937 1667 calorem

410 1693 513 1768 neris
534 1683 572 1761 dt
591 1705 796 1783 corportuu,
831 1704 900 1775 quo
919 1701 1069 1773 tempore
1091 1684 1263 1774 pensiones
1287 1684 1447 1758 instituite
1470 1685 1603 1758 *Nostra
1628 1689 1803 1760 tentamina
1825 1688 1939 1761 mense

409 1788 544 1884 Aprili,
572 1785 672 1881 Julio,
692 1781 727 1858 dt
752 1780 902 1879 Augusto
921 1782 1050 1871 perusia
1070 1781 1152 1853 sunt.
1213 1800 1265 1874 5⁰.
1300 1780 1431 1854 Deinde
1455 1805 1535 1876 pura
1560 1788 1667 1856 utatur
1690 1782 1828 1877 pluvia,
1861 1808 1936 1879 quae

408 1887 474 1962 vast
493 1877 819 1979 ampioutrnfuia,
851 1895 1048 1969 utscorpota
1068 1878 1120 1951 vel
1144 1878 1297 1963 vascula,
1321 1880 1440 1972 quibus
1467 1901 1606 1973 corpora
1631 1881 1745 1974 injecta
1771 1879 1869 1968 sunt,
1895 1883 1935 1955 ll·

408 1988 489 2060 bere
509 1986 543 2056 in
567 1982 679 2052 medio
710 1981 816 2069 Aquae
845 1974 1036 2067 pendeant,
1068 1998 1132 2048 nec
1159 1979 1300 2069 parietes
1329 1977 1407 2050 vasis
1432 1978 1557 2051 trahant
1581 1999 1636 2051 aut
1659 1982 1846 2072 attingant,
1880 1979 1937 2056 sed

405 2077 675 2177 procul'ilileu‘t.¹
725 2076 777 2149 6⁰.
805 2071 950 2165 Oportet
969 2093 1005 2146 ut
1028 2073 1126 2146 bullae
1150 2076 1253 2146 aeteae
1277 2078 1471 2167 corporibus
1495 2076 1689 2167 plemmque
1712 2076 1935 2150 adhaerescen-

406 2187 485 2263 α’,
514 2173 671 2271 penicillo
702 2172 837 2245 sollicite
865 2191 1103 2260 amoveantur,
1135 2194 1205 2264 quo
1234 2172 1386 2245 madente
1418 2174 1470 2246 vel
1496 2172 1604 2265 spiritu
1630 2173 1708 2246 Vini
1732 2172 1783 2245 vel
1813 2175 1937 2265 Aqua,

406 2296 475 2351 tora
498 2293 676 2367 corporum
699 2269 883 2364 superficies
908 2270 996 2359 prius
1018 2269 1153 2361 lavanda
1179 2268 1264 2341 suit:
1296 2269 1554 2343 adhaerescentes
1587 2273 1674 2344 enim
1707 2270 1806 2342 bullae
1829 2273 1935 2346 aerea

407 2373 568 2456 efficiunt,
591 2390 627 2440 ut
647 2390 787 2459 corpora
807 2366 928 2436 leviora
948 2387 1135 2457 appareant.
1184 2387 1235 2457 7⁰.
1263 2367 1524 2440 Examinandum
1549 2391 1705 2461 quoque,
1730 2390 1772 2439 an
1801 2369 1834 2440 in
1858 2390 1934 2442 cor-

405 2472 550 2565 poribus-
572 2488 641 2538 uon
673 2464 863 2544 delitescant
893 2464 1069 2534 cavitates:
1102 2466 1193 2556 quod
1222 2465 1244 2534 fi
1274 2464 1398 2552 insint,
1431 2470 1465 2538 in
1491 2466 1676 2558 hujusmodi
1701 2463 1875 2558 penssoner
1898 2468 1936 2537 in

407 2545 772 2648 cassum-loliituentur,
806 2557 862 2629 nist
888 2559 977 2644 prius
999 2580 1115 2629 omnes
1137 2563 1287 2631 cavitates
1312 2561 1493 2648 tollantur,
1525 2585 1580 2636 aur
1604 2567 1786 2656 aperiantur
1812 2564 1834 2633 li
1861 2562 1933 2635 sieri

403 2659 542 2756 potest,
566 2675 603 2728 ut
626 2656 727 2745 Aqua
751 2651 864 2730 influat
887 2650 1104 2739 impleatque,
1129 2653 1183 2721 sed
1207 2656 1333 2742 praellat
1357 2658 1474 2727 horum
1499 2681 1606 2749 partes
1629 2662 1784 2755 exiguas,
1810 2658 1852 2730 de
1868 2681 1935 2731 cae·

399 2777 445 2842 ,tu
462 2751 628 2836 excusus,
659 2747 843 2838 explorate.
895 2744 946 2815 8⁰.
973 2745 1221 2829 Attendendum
1256 2771 1389 2841 quoque
1414 2751 1459 2822 eil
1484 2756 1525 2823 ad
1549 2755 1749 2825 altitudinem
1774 2754 1939 2825 Mercurii

405 2858 440 2925 in
464 2853 681 2923 Barometm:
716 2841 849 2932 quando
878 2842 968 2910 enim
997 2843 1071 2913 Ate
1093 2842 1138 2911 est
1160 2844 1357 2926 rarissimus,
1383 2843 1418 2926 u
1444 2848 1630 2919 Mercurius
1654 2852 1688 2920 in
1712 2850 1793 2920 tubo
1817 2849 1937 2919 humil·

401 2952 525 3036 ,lituum
552 2964 692 3037 corpora
712 2942 747 3010 lu
764 2940 839 3010 aete
858 2934 958 3028 pensa
981 2940 1087 3021 minus
1111 2938 1154 3009 de
1177 2938 1237 3010 suo
1261 2939 1409 3030 pondere
1433 2941 1568 3013 amifisse
1591 2944 1808 3037 videbuntur,
1833 2965 1937 3036 quam

406 3069 483 3122 cum
507 3045 578 3117 ner
600 3042 647 3114 eil
669 3035 885 3121 denfiffimus,
909 3027 944 3103 dt
966 3031 1155 3114 Mercurius
1179 3038 1214 3106 in
1239 3040 1379 3108 maxima
1402 3038 1581 3110 altitudine.
1630 3037 1806 3131 Potestque
1821 3040 1935 3110 discri-

405 3167 483 3231 rnen
504 3140 657 3236 ponderis
677 3138 711 3210 ln
735 3151 897 3225 corpore,
921 3128 1013 3223 cujus
1037 3129 1190 3205 volumen
1216 3131 1262 3203 est
1289 3135 1383 3206 unius
1407 3133 1539 3227 pollicis
1563 3133 1714 3219 Cubici,
1740 3138 1786 3207 ob
1811 3135 1935 3211 uariam

399 3263 490 3368 aens
512 3259 698 3382 densitatem
716 3284 753 3354 'in
776 3278 899 3378 Belgio
919 3276 983 3350 esse
1007 3277 1132 3371 equale
1159 3248 1215 3404 1-Ξέ

400 3465 442 3520 -22
461 3437 650 3537 pensionem
677 3430 859 3509 examinare
884 3424 1043 3514 Libram,
1075 3449 1117 3500 an
1140 3450 1218 3502 cum
1241 3430 1388 3502 lancibus
1412 3431 1454 3500 ab
1479 3448 1615 3521 utraque
1640 3449 1731 3521 parte
1755 3431 1793 3502 iit
1817 3435 1851 3504 in
1875 3453 1930 3506 ac·

407 3561 520 3616 curato
544 3528 751 3623 aequilibrio:
777 3524 868 3615 quod
898 3522 1010 3593 iinon
1033 3525 1096 3605 srt,
1128 3526 1282 3600 chartulae
1305 3526 1430 3616 injeeiae
1455 3526 1601 3615 pondere
1627 3530 1836 3615 acquiretur:
1861 3533 1933 3602 iuro

407 3634 536 3713 necesse
555 3649 592 3700 ut
614 3623 687 3717 poll
708 3622 832 3712 aliquot
860 3618 1032 3710 pensiones
1055 3620 1165 3691 denuo
1186 3625 1387 3693 examinetur
1412 3620 1539 3705 Libra,
1573 3618 1608 3692 dc
1641 3622 1854 3711 observetur,
1893 3644 1933 3697 ut

403 3738 480 3808 'axis
499 3719 727 3801 accuratiffime
757 3716 794 3787 fit
814 3719 849 3787 in
869 3715 985 3786 iisdem
1005 3715 1086 3787 ansae
1109 3717 1218 3804 locis,
1251 3715 1287 3789 dt
1321 3718 1429 3789 lances
1453 3719 1572 3790 eodem
1596 3719 1701 3790 modo
1725 3737 1766 3789 ex
1791 3743 1933 3814 utroque

407 3831 521 3905 Libre
544 3812 887 3907 extremopendeant.
938 3811 1100 3886 'sum‘rie
1132 3813 1256 3907 aliquid
1278 3815 1334 3887 nifi
1365 3815 1537 3908 purissimis
1562 3812 1597 3887 dt
1621 3813 1792 3889 ficciffimis
1814 3841 1931 3895 inanu-

407 3931 491 4015 bus,
515 3916 761 4011 forcipibusque
781 3911 979 4005 attingatur,
1002 3912 1164 3982 tralletur.

453 4086 487 4187 ς.
508 4068 803 4158 MCCGCXVL
828 4065 913 4141 Salia
934 4057 1111 4160 ponderavi
1134 4073 1169 4141 in
1193 4072 1271 4144 oleo
1296 4069 1541 4148 Terebinthinoe
1565 4077 1709 4163 recenti,
1735 4078 1827 4171 cujus
1841 4098 1927 4171 pon·

409 4189 470 4265 dus
492 4178 676 4278 specificam
701 4172 790 4265 prius
809 4166 872 4264 ¹fuit
896 4165 1118 4264 exploratum:
1143 4167 1262 4241 deinde
1286 4171 1399 4242 reduxi
1423 4169 1464 4243 ad
1489 4170 1640 4265 pondtu,
1665 4175 1757 4263 quoti
1781 4177 1816 4245 in
1830 4176 1931 4266 Aqua

410 4283 585 4383 ponderata
607 4266 796 4343 habuilsent.
847 4297 878 4328 ·.
1081 4298 1083 4302 ·

457 4394 496 4468 In
519 4384 732 4465 Peniionibus
751 4378 825 4450 usus
847 4377 892 4448 sui
915 4374 1062 4470 pondere
1089 4372 1292 4450 Tricafflno:
1327 4376 1437 4451 Uncia
1466 4376 1640 4451 Tricasina
1671 4383 1778 4477 manis
1802 4381 1933 4457 dueum

406 4496 510 4574 kuior
533 4487 579 4559 est
605 4481 715 4568 Uncia
737 4473 1036 4566 Amllelodamenfi.
1889 4539 1892 4544 ,

394 4627 425 4670 .·
457 4602 566 4675 Uncia
585 4588 824 4665 Tricaiiina.est
851 4586 934 4679 480.
960 4607 1164 4682 granorum,
1190 4585 1254 4657 five
1279 4607 1336 4658 ao.
1362 4585 1607 4684 Anglicorum,
1630 4586 1694 4663 stre
1722 4605 1803 4685 150.
1826 4585 1930 4665 Kara-

397 4719 537 4779 notum:
563 4690 746 4785 Angliettm
759 4685 883 4763 constat
902 4705 943 4756 ex
968 4682 1243 4781 24.gtaniss1ve
1268 4692 1309 4757 eri
1336 4706 1394 4778 gr„
1418 4684 1520 4758 Aaiir.

394 4836 400 4846 ’
423 4821 425 4826 ’
455 4811 539 4886 Tria
559 4822 658 4903 grana
677 4798 850 4871 Tricallina
869 4797 940 4871 suot
961 4796 1095 4891 aqualia
1119 4817 1260 4890 quatuor
1284 4796 1389 4872 Aulis.

459 4924 561 5002 Libra
581 4908 759 4992 Trictlilna
775 4909 899 4987 couilat
925 4909 1121 4988 inflatis
1146 4908 1214 4989 site
1236 4908 1346 5009 5760.
1369 4911 1508 5011 ganisa
1538 4908 1595 4988 sed
1628 4908 1765 4990 liuore
1785 4912 1931 5076 οιρῖιῐιῖ

407 5065 410 5069 »
1874 5022 1891 5078 r

1209 3320 1211 3322 -
1239 3284 1322 3374 parti
1343 3285 1445 3379 grani.
1493 3290 1550 3373 9⁰.
1573 3278 1718 3375 Oportet
1732 3284 1860 3378 semper
1873 3305 1931 3357 ao·
