4992 6767
633 707 1585 808 ‘numonnsuromvtsroun
1685 753 1688 758 -
1789 732 1885 840 Μ

403 911 444 988 id
463 929 669 1009 nequaquam
689 908 780 984 afferi
802 910 938 1006 potest,
964 913 1047 1005 'quis
1069 909 1245 984 Sclerotica
1266 912 1355 986 oculi
1377 912 1510 994 humani
1529 914 1576 989 est
1595 913 1774 992 admodum
1796 920 1879 999 durs

342 1008 397 1087 ·&'
414 1003 532 1100 Mai
566 1009 701 1084 musculi
725 1027 834 1082 aurem
851 1008 971 1101 jacent.
985 1011 1020 1079 in
1044 1006 1135 1082 molli
1156 1009 1376 1105 pinguedine,
1401 1011 1525 1103 ipique
1546 1013 1663 1086 molles
1686 1014 1797 1103 duro,
1820 1043 1877 1094 ro·

346 1108 484 1195 ruodo,
517 1110 686 1206 plenoque
714 1106 818 1179 oculo
841 1109 1054 1200 mutationem
1078 1108 1327 1180 intumescentes
1348 1106 1465 1192 inferre
1494 1130 1688 1202 nequeunt:
1719 1135 1877 1205 praeterea

339 1205 487 1279 musculi
512 1226 685 1299 operantes
707 1203 879 1276 introrsum
907 1202 1055 1275 adversus
1083 1203 1317 1298 pinguedinem
1340 1205 1498 1297 posticam
1521 1208 1679 1296 trahunt,
1704 1231 1779 1302 quae
1801 1215 1876 1285 rest·

351 1304 437 1376 liens
459 1305 548 1375 oculi
568 1321 693 1395 partem
713 1300 872 1393 postiotrn
891 1299 1104 1392 apploraret,
1129 1300 1311 1372 breviorem
1343 1300 1463 1375 iaceret
1477 1352 1499 1390 s.
1520 1307 1758 1392 cum-eundem
1789 1314 1876 1383 intu-
1906 1371 1912 1385 .

340 1400 532 1473 mescentes
557 1399 593 1472 ἀ
614 1401 796 1473 ambientes
821 1398 1012 1493 longiorem
1036 1397 1215 1472 efficerent:
1241 1401 1285 1469 ita
1306 1419 1378 1470 unu
1398 1402 1592 1474 nonnoso
1615 1402 1714 1477 altem
1733 1407 1875 1480 destrue·

353 1518 453 1570 retur.
502 1496 696 1570 Differentb
719 1498 816 1568 etiam
842 1489 1034 1570 osmeri&
1054 1495 1128 1566 litus
1151 1494 1369 1568 musculorum
1391 1499 1425 1570 in
1447 1498 1551 1570 oculis
1573 1504 1734 1576 variorum
1753 1510 1874 1578 enims·

343 1594 454 1678 lium,
479 1598 513 1667 in
534 1598 653 1687 quibus
670 1594 750 1667 vilio
772 1592 889 1666 nostra·
910 1589 1025 1664 ¹iisrtilis
1050 1590 1136 1664 haud
1154 1590 1264 1662 dubie
1285 1592 1471 1684 perficitur,
1496 1617 1565 1668 non
1585 1619 1604 1666 a
1627 1599 1776 1673 musculis
1792 1623 1875 1674 ocu·

342 1691 460 1763 lorum
489 1695 703 1764 nummorum
721 1690 926 1763 dennndsn
950 1686 1016 1759 elle
1039 1690 1155 1785 arguit.
1211 1685 1339 1760 Durior
1362 1712 1470 1762 autem
1489 1693 1673 1766 siclerotica
1695 1700 1729 1768 in
1754 1702 1875 1771 ammt-

340 1786 437 1860 libus
460 1788 526 1861 elie
548 1788 644 1861 solet:
669 1786 852 1877 Ruyscbius
878 1786 960 1881 (a)
994 1806 1066 1858 earu
1086 1790 1120 1857 in
1140 1784 1274 1856 mknae
1298 1787 1399 1859 oculo
1421 1788 1631 1860 cmlltffimam
1656 1794 1876 1891 coriaginem

349 1883 417 1955 elle
438 1890 586 1958 notavit:
618 1889 654 1959 in
673 1886 771 1975 vulpe
792 1886 914 1958 niaritta
936 1883 1044 1976 (¹5).;
1078 1885 1113 1954 in
1135 1880 1309 1953 Carcharia
1332 1887 1432 1978 (c);
1464 1887 1500 1955 in
1523 1884 1658 1959 Titioue
1685 1890 1762 1981 (d)
1788 1891 1875 1964 olleo

342 1982 411 2052 est.
469 1982 508 2055 In
538 1982 639 2055 Uiula
674 1983 772 2078 (el,
803 1979 1103 2080 sonnio-ermen
1130 1979 1228 2073 (f),
1259 1981 1452 2072 Avibusque
1481 1980 1629 2082 ρωςῇμιίε
1659 2004 1724 2057 tatu
1756 1990 1873 2060 A'e‘reis

344 2099 447 2169 quam
467 2079 637 2170 Aquaticis
659 2079 746 2152 oises
767 2075 831 2149 eil:
856 2074 1006 2169 adeoque
1025 2077 1046 2147 a
1070 2075 1225 2149 musculis
1250 2078 1486 2174 ambientibus,
1512 2073 1596 2150 &ln
1609 2082 1813 2177 pinguedine
1823 2084 1873 2177 ja·

347 2178 495 2248 centibus
508 2175 606 2248 -oculi
623 2177 731 2274 ligius
754 2171 870 2248 mutari
897 2177 1021 2266 nequit.
1060 2171 1171 2244 'Oculi
1196 2193 1305 2246 autem
1321 2173 1439 2247 horum
1462 2175 1647 2247 animalium
1671 2179 1785 2252 iisdem
1809 2180 1873 2252 uu·

336 2267 406 2343 bus
421 2270 492 2345 sunt
505 2273 651 2345 destinati
665 2296 705 2344 ac
724 2274 918 2360 hominum,
936 2271 1034 2352 ideo,
1050 2267 1170 2339 etiamfi
1180 2265 1468 2341 in'his'Sclerotita
1480 2268 1679 2360 aliquantum
1688 2278 1795 2348 minus
1811 2277 1870 2349 du·

337 2389 379 2437 rs
402 2370 456 2456 iit,
482 2389 569 2439 caret
590 2373 684 2440 omni
705 2363 993 2438 veroiimilirudine
1016 2382 1092 2434 eum
1114 2363 1267 2434 mumti'a
1291 2362 1472 2450 musculis,
1503 2366 1595 2457 quo‘d
1618 2370 1653 2441 in
1680 2372 1871 2446 animalibus

336 2467 478 2555 reliquis
503 2483 708 2554 nequaquam
733 2461 781 2531 iit.
883 2459 890 2470 '
1061 2557 1063 2562 Ι
1407 2555 1412 2563 .
1670 2557 1674 2562 Ι

393 2563 550 2630 Attamen
573 2556 707 2630 Cornea
731 2560 764 2628 in
793 2556 946 2628 omnibus
973 2555 1161 2630 animalum
1176 2551 1294 2632 'oculis
1321 2561 1463 2632 tenerior
1484 2558 1531 2632 est
1552 2570 1649 2653 quam
1673 2563 1869 2641 Scleroticts

340 2673 388 2725 an
413 2656 486 2726 hec
508 2676 574 2726 nou
603 2647 710 2745 pollet
731 2651 930 2742 aliquantum
952 2656 1068 2725 mutari
1091 2656 1125 2724 in
1146 2652 1394 2748 gnomonem,
1426 2657 1558 2747 quando
1584 2658 1642 2733 Itis
1672 2657 1707 2733 ἂ
1734 2686 1869 2756 proces·

346 2753 399 2821 sus
421 2750 585 2834 Ciliares,
616 2751 751 2822 ambitui
772 2750 914 2821 Comeae
937 2748 1054 2836 affixi,
1083 2748 1342 2838 contrahuntur,
1375 2749 1609 2825 &humorem
1640 2777 1781 2849 aqueum
1810 2783 1869 2835 ex·

345 2847 482 2917 trossum
513 2847 666 2938 pellunt,
698 2867 753 2917 aut
783 2845 834 2915 his
865 2845 897 2916 se
926 2846 1140 2917 relaxantibus
1159 2849 1195 2918 in
1217 2848 1398 2942 planiorem
1421 2845 1558 2945 figuram
1583 2850 1736 2925 restitui?
1787 2854 1868 2930 Hoc

343 2945 434 3013 omni
453 2941 740 3014 ¹rerofimilitudine
765 2941 942 3012 distitutum
960 2963 1029 3013 non
1054 2942 1111 3013 eil.
1797 3012 1800 3016 .

384 3035 615 3111 'Nihilominus
639 3036 785 3108 distinete
807 3037 885 3108 uilio
901 3039 1026 3129 pendet
1045 3039 1186 3110 utribus
1204 3039 1242 3110 in
1263 3040 1363 3124 oculo
1386 3040 1603 3132 humoribus,
1630 3068 1772 3138 quorum
1794 3072 1868 3125 uno

343 3134 395 3208 vel
419 3135 521 3208 auaro
544 3131 734 3218 deficiente,
759 3131 940 3204 indistiniia
956 3127 1002 3204 eil
1017 3134 1113 3206 viiio:
1139 3136 1187 3204 uti
1202 3132 1239 3207 fit
1253 3151 1328 3206 cum
1345 3135 1477 3208 eslaeso
1495 3138 1595 3209 oculo
1609 3140 1728 3216 humor
1743 3167 1868 3238 aqueus

342 3226 510 3308 effluxerit.
562 3229 652 3303 Tum
676 3229 825 3313 exemti.
848 3230 900 3300 vei
924 3228 1041 3301 eserie
1066 3228 1199 3321 aepulis
1221 3231 1308 3302 lente
1333 3230 1533 3321 crystallino,
1559 3238 1606 3307 uti
1630 3241 1663 3309 in
1682 3237 1748 3325 iis,
1772 3245 1866 3335 quia

342 3332 496 3402 causaue
518 3329 619 3402 curati
639 3323 739 3413 lunt,
771 3328 908 3411 evenit,
940 3324 1028 3398 nulia
1058 3326 1203 3399 dillineia
1228 3327 1368 3419 superest
1387 3328 1494 3417 viiio,
1529 3330 1586 3401 nili
1607 3338 1709 3407 curati
1734 3357 1865 3413 utantur

342 3426 526 3518 perspicillo
554 3422 741 3497 -adtnodum
774 3421 991 3513 amplificante
1021 3422 1158 3514 objteta.
1224 3424 1367 3496 Manent
1396 3445 1505 3498 autem
1537 3436 1661 3502 externi
1678 3435 1865 3509 ‘oculorum

340 3521 636 3614 muicuii'integri‚
660 3542 718 3591 cur
740 3518 776 3589 hi
798 3519 940 3607 proinde
962 3519 1168 3608 applanando
1192 3521 1244 3592 vei
1267 3520 1498 3617 oblongiorem
1522 3526 1655 3598 oculum
1673 3530 1864 3624 reddendo,

330 3640 427 3694 mune
452 3640 522 3689 non
547 3618 633 3687 idem
659 3613 808 3706 prestant
830 3633 869 3683 ac
892 3610 1134 3705 perspiciilum‘l
1466 3695 1472 3716 ἢ
1831 3705 1835 3711 ¹

386 3726 420 3826 ς.
445 3720 831 3801 MDCCCLXXXVI.
864 3720 1119 3817 Qualescunque
1150 3722 1229 3796 fiant
1258 3729 1294 3798 in
1327 3725 1427 3824 oculo
1459 3734 1682 3819 mutationes,
1715 3738 1864 3815 celeriter

332 3826 578 3918 perficiuntur,
611 3825 687 3915 quia
715 3821 860 3892 uuinue
886 3821 1033 3892 videmus
1065 3819 1191 3914 olsjeeia
1219 3824 1327 3926 tenuia
1352 3826 1385 3894 in
1410 3826 1579 3901 intervallo
1604 3827 1658 3902 'sex
1672 3834 1861 3925 pollicum,

338 3946 436 4009 mox,
462 3925 515 3993 vix
539 3919 760 3993 intercedente
781 3919 936 4008 tempoms
959 3931 1079 4003 mora,
1102 3919 1136 3988 in
1158 3917 1327 3991 intervallo
1352 3921 1599 4011 quatuordecim
1619 3929 1769 4023 pedum:
1802 3946 1859 4008 aut

329 4021 484 4113 quolibet
508 4013 712 4091 intermedio.

376 4128 416 4226 5.
441 4124 845 4214 MDCCCLXXXVII.
869 4125 990 4199 Omnis
1012 4132 1172 4209 mutatio,
1193 4150 1267 4218 quae
1283 4134 1317 4198 in
1333 4120 1434 4198 oculo
1450 4131 1632 4226 contingit,
1657 4157 1725 4208 tum
1741 4139 1773 4210 in
1789 4164 1857 4214 arn.
1998 4168 2004 4185 ·

319 4273 324 4284 ·
336 4225 536 4318 plilieatione
559 4228 814 4300 conmunione
836 4223 990 4315 pupille,
1015 4246 1082 4295 tum
1106 4226 1139 4292 in
1163 4221 1265 4317 figura
1287 4223 1403 4306 lentis,
1429 4242 1497 4294 tum
1519 4226 1553 4296 in
1576 4225 1644 4316 ejus
1660 4230 1858 4311 adductione
2003 4251 2008 4291 ³

320 4324 387 4395 -vel
410 4325 628 4399 remotionei
653 4321 959 4408 setiam-limitibus
976 4317 1143 4392 latioribus
1162 4317 1438 4414 angustioribusve
1462 4320 1496 4389 in
1521 4320 1650 4419 divetis
1672 4327 1776 4401 oculis
1799 4333 1857 4405 ad.

316 4419 513 4520 liringitur:
538 4425 596 4515 qui
620 4422 739 4495 limites
755 4418 908 4513 pendent
929 4419 1046 4510 partim
1068 4417 1110 4489 ab
1134 4415 1305 4491 oculorum
1319 4414 1469 4511 lautius,
1494 4415 1712 4514 flexibilitate,
1739 4431 1853 4544 anns,

343 4592 351 4607 ⁸
400 4614 463 4688 (a)
480 4616 621 4679 Theious.
641 4620 780 4681 herem.
799 4625 830 4678 a.
852 4613 927 4676 st.
948 4630 975 4676 t.
1816 4550 1854 4605 u

405 4692 466 4769 (b)
485 4694 646 4757 Memoires
667 4696 803 4773 adoptas
823 4691 911 4757 Tem.
936 4709 961 4753 1.
982 4706 1048 4771 pag·
1070 4704 1139 4770 aar.

405 4769 462 4843 (e)
482 4771 575 4833 steno
596 4773 632 4833 de
652 4773 756 4835 Solido
777 4777 852 4835 intra
870 4770 1013 4835 solidum.

404 4847 466 4921 (ὁ)
486 4849 648 4911 ὃαοᾶοῐίηί
669 4852 822 4915 observat.
843 4855 982 4915 bnatom.
1003 4851 1074 4928 Cap.
1096 4868 1126 4926 4.
1147 4851 1219 4915 see.
1238 4867 1269 4915 a.

315 4981 319 4988 .
403 4928 461 4999 (e)
482 4928 613 4991 Permult
634 4932 726 4991 Mem.
744 4930 868 5010 adopt‘
894 4930 971 4995 Ziuu
988 4932 1021 4998 lu
1042 4930 1210 4997 Commeat.
1229 4933 1366 5014 Gottiug.
1383 4932 1454 4999 Vol.
1472 4933 1517 5000 ti.
1537 4949 1604 5017 pst.
1626 4944 1698 5012 ω,

400 5003 463 5086 (s)
480 5005 589 5071 l’bllol.
608 5008 752 5073 rsuram
771 5013 829 5076 No·
851 5025 920 5089 4¹³·
1679 5049 1683 5058 -

1762 4917 1771 4926 ι

1752 5051 1763 5064 ἱ

1101 5081 1314 5169 'Eeeee
1468 5091 1474 5100 '
