4992 6767
521 690 620 798 ¹rsa
977 669 1154 756 Μ·-
1229 668 1271 752 r
1323 666 1367 752 o
1424 662 1606 754 usur

537 878 619 954 baba
641 869 687 946 etl
706 867 831 964 postica
853 867 926 941 vitri
952 862 1155 956 superficies,
1180 883 1267 955 apex
1291 858 1339 932 eii
1361 858 1485 940 focus,
1519 854 1652 930 sedhic
1684 857 1779 967 iocus
1801 858 1900 924 etiam
1927 877 1995 966 non
2020 855 2067 964 eii

539 973 713 1071 punctum:
739 964 831 1038 sedil
848 963 943 1078 cadat
955 965 989 1033 in
1004 960 1135 1073 planum
1154 957 1420 1073 perpendiculare
1435 953 1478 1025 ad
1496 957 1595 1068 axin,
1615 951 1662 1067 cst
1684 952 1983 1118 circellubqgoffirtqr
2003 973 2074 1118 gre.

538 1089 640 1239 llll
655 1061 991 1253 riimiigississiii
1007 1053 1805 1247 illelillillr,llllllllli
1824 1148 1845 1219 a
1869 1144 2073 1217 itinn.

539 1266 608 1352 fio,
633 1258 851 1336 Hartsoekero
875 1253 911 1330 δι
933 1257 1033 1342 aliis,
1065 1257 1205 1324 maxima
1226 1252 1358 1323 fixorum
1379 1248 1526 1320 diametri
1549 1266 1689 1337 quatuor
1718 1241 1872 1334 pedum:
1901 1243 1997 1313 focus
2021 1242 2072 1314 est

539 1408 691 1487 circellus
714 1405 864 1480 diametri
891 1407 1018 1475 circiter
1048 1366 1131 1510 ¹÷
1154 1398 1304 1494 pollicis,
1327 1400 1362 1468 in
1387 1389 1455 1488 q'uo
1479 1393 1558 1506 foco
1581 1393 1613 1464 hi
1636 1367 1776 1488 eduntur
1792 1367 1944 1460 cffeilir's:
1970 1388 2076 1487 Quae·

542 1560 623 1635 libet
651 1553 891 1629 combustibilis
915 1549 1153 1633 incenduntur,
1178 1547 1306 1619 mctalb
1330 1543 1537 1628 funduntur,
1567 1563 1638 1614 non
1668 1559 1776 1612 tamen
1801 1540 1834 1607 iu
1856 1537 1977 1607 vitrum
2003 1559 2075 1609 vere

522 1750 527 1760 Ι
542 1677 654 1773 cuntur
662 1704 684 1768 ‚·
698 1652 811 1756 estque
830 1649 925 1742 huius
943 1648 1011 1721 soci
1033 1650 1117 1719 aetio
1134 1645 1239 1718 multo
1260 1641 1480 1774 imbecillior,
1506 1662 1604 1734 quam
1621 1639 1743 1734 speculi
1756 1636 1867 1708 ustorii
1884 1639 1971 1726 paris
1987 1657 2077 1733 mag·

544 1754 870 1944 mmmm
895 1857 985 1930 Cum
1009 1878 1087 1931 vero
1109 1877 1174 1949 ope
1200 1855 1347 1930 secunde
1371 1852 1465 1954 lentis
1486 1873 1642 1952 contexat
1664 1851 1773 1923 vitrea
1794 1845 1888 1920 focus
1923 1848 2075 1920 maximae

542 2014 640 2093 lentis
657 2009 824 2098 densatur,
848 2028 884 2079 ut
899 2005 1003 2078 multo
1019 2005 1130 2077 minor
1145 2005 1279 2090 eradat,
1302 1957 1449 2112 diametri
1475 1955 1515 2112 3}
1537 1959 1691 2094 aulicis,
1717 2001 1750 2068 in
1766 1957 1938 2070 iocoboc
1959 1997 2076 2066 ordio-¹

542 2149 631 2234 rivis
646 2156 831 2243 radiorum,
847 2173 1028 2244 eorumque
1044 2151 1153 2238 calor,
1169 2155 1339 2228 increscit:
1362 2143 1452 2224 Nam
1469 2151 1507 2234 in
1517 2145 1559 2222 eo'
1575 2170 1716 2241 corpora
1734 2141 1994 2226 comb'ustibilia,
2020 2163 2072 2236 ut·¹

540 2251 852 2350 cunque'humida,
877 2255 946 2324 imo
970 2253 1004 2320 in
1026 2249 1142 2324 mediis
1161 2254 1254 2342 aquis
1276 2245 1709 2348 innumerarumque,
1734 2241 1836 2342 Aqua
1857 2242 1976 2348 merli,
2011 2264 2073 2320 nu·

437 2375 440 2382 '
541 2353 633 2434 cleus
657 2351 793 2424 interior
805 2351 926 2443 ¹,potius
949 2368 1047 2440 quam
1069 2365 1183 2417 cortex
1207 2347 1435 2432 consumitur,
1473 2345 1551 2435 quia
1581 2346 1624 2414 ab
1649 2343 1751 2438 Aqua
1776 2359 1896 2418 cortex.
1914 2341 2073 2412 continuo

540 2449 760 2545 extinguitur:
784 2431 946 2539 S'ulphur,
972 2441 1060 2535 Pix,
1093 2439 1129 2514 ἃ
1154 2441 1285 2515 Relinae
1307 2441 1374 2542 sub·
1387 2442 1485 2533 Aqua
1515 2439 1722 2514 fundunturr
1753 2433 1896 2534 Metalla
1918 2436 2075 2528 qualibet

542 2549 673 2633 tenuia,
697 2557 836 2635 excepta
858 2546 893 2615 in
918 2541 1055 2634 capellis
1079 2540 1321 2624 docimasticis,
1352 2538 1404 2612 vel
1424 2542 1460 2614 in
1488 2538 1574 2614 testis
1597 2533 1775 2641 mgillaceiq
1835 2554 1892 2608 aut
1907 2531 2076 2640 'porcella-

542 2631 635 2738 r'reis,
659 2637 803 2722 volatilia
813 2639 901 2714 liunt
918 2639 975 2710 sub
991 2637 1095 2710 forma
1109 2659 1283 2730 parvorum
1297 2633 1508 2734 globorum,'·
1519 2634 1571 2708 vel
1590 2633 1770 2738 copiosum,
1808 2653 1900 2734 nrum
1915 2628 2075 2736 ejaculan-

542 2762 624 2830 tur,
649 2737 702 2813 vel
722 2739 755 2809 in
778 2738 896 2810 vitrum
920 2755 1097 2809 vertuntur.
1146 2731 1280 2808 Vitrum
1296 2733 1380 2810 nuri
1410 2732 1457 2808 est
1488 2753 1689 2828 purpureum
1704 2727 1749 2804 ,ἀ
1783 2728 1915 2830 fixum,
1941 2727 2001 2814 sed
2026 2731 2075 2826 Vi?

542 2859 630 2911 oum
660 2834 802 2931 Argenti
823 2834 869 2908 eil
891 2832 1043 2915 volatile,
1068 2829 1104 2904 dc
1128 2855 1194 2914 una
1218 2854 1295 2906 cunt
1319 2827 1472 2998 bifento
1489 2827 1617 2932 avolatr'
1639 2811 1776 2930 Ferrum
1803 2830 1837 2900 in
1860 2825 2003 2932 patirum
2016 2847 2076 2900 ex·

540 2956 706 3030 ceptum,
733 2932 791 3006 sub
810 2931 916 3003 forma
939 2929 1144 2999 scintillarum
1169 2948 1273 3000 toturn
1304 2945 1433 2996 avoat:
1467 2923 1522 2996 sed
1547 2945 1723 3015 exceptum
1744 2927 1778 2996 iu
1803 2925 1882 3016 tella
1902 2923 2074 3020 argillacea

542 3030 712 3112 funditur,
734 3031 932 3116 vertiturque
955 3027 988 3092 in
1012 3021 1141 3094 maiidm
1162 3043 1197 3092 re
1243 3023 1364 3102 linem,
1387 3020 1567 3103 friabilem,
1590 3019 1759 3104 striatam:
1785 3022 1807 3093 st
1829 3021 1949 3096 diutius
1973 3019 2076 3114 in'i'o·

542 3146 588 3196 co
613 3141 780 3205 teneatur,
804 3117 870 3209 ipsa
896 3117 975 3188 testa
996 3116 1161 3200 funditur,
1235 3118 1320 3188 'vitri
1342 3117 1438 3189 bruni
1473 3114 1596 3208 species
1620 3116 1667 3189 fit.
1714 3117 1782 3192 AEs
1808 3116 1943 3192 fulvum
1957 3120 1991 3192 iu
2006 3141 2074 3194 car·

542 3220 634 3292 bone
652 3215 780 3292 fumum
805 3211 983 3284 admodum
1008 3211 1113 3282 levem
1137 3209 1340 3304 eiaculatur,
1371 3209 1408 3284 de
1430 3232 1535 3286 totum
1564 3209 1783 3290 fit'volatiler
1815 3220 1849 3290 in
1872 3213 2074 3310 cupellafit·

544 3333 636 3388 mum
661 3310 776 3398 levem¹
796 3307 954 3401 exspirat,
978 3307 1074 3380 instar
1097 3308 1174 3382 Olei
1196 3308 1351 3404 liquitur,
1377 3311 1468 3402 qued
1485 3309 1642 3410 ‚frigidum
1673 3311 1783 3410 figitur
1803 3318 1851 3410 iq.
1869 3311 2072 3408 mail'atore·

542 3409 707 3511 gulinam
729 3403 891 3500 prbsunde
907 3404 1056 3492 rubram,
1078 3405 1174 3482 instar
1190 3405 1386 3500 Cinnabarir
1399 3407 1604 3500 nunnoni,
1631 3433 1704 3502 qua
1717 3413 1752 3484 in
1768 3403 1934 3504 puluerem
1960 3411 2069 3492 cnut·

544 3515 587 3580 ta·'
609 3525 727 3600 paruos
757 3501 940 3596 pellucidos
963 3506 1106 3578 'rubinos
1139 3504 1283 3580 exhibet.
1333 3505 1515 3582 ,sunnon
1531 3509 1581 3584 -in
1618 3509 1761 3583 carbone
1798 3505 1924 3584 emittit'
1946 3509 2071 3584 fumum

543 3605 679 3681 denium
700 3601 837 3692 album,
864 3595 899 3674 δι
923 3607 1053 3696 penitus
1073 3602 1199 3676 airolat:
1224 3603 1278 3678 sed
1308 3607 1341 3679 in
1367 3604 1443 3677 tella
1470 3603 1600 3693 fumat,
1633 3598 1668 3680 ἃ
1699 3591 2071 3695 cineres‘ilb0s‚'raror

544 3705 720 3797 relinquit,
756 3704 790 3773 in
817 3701 936 3792 quibus
962 3699 1057 3772 malla
1079 3702 1258 3786 crystallina
1282 3701 1469 3792 pellucido,
1493 3706 1603 3778 multis
1621 3703 1707 3797 quali
1732 3707 1855 3777 acubus
1873 3705 2073 3799 exasperata,

543 3801 717 3876 formatur:
742 3797 793 3865 hae
816 3795 954 3884 crystalli
978 3798 1011 3863 in
1039 3797 1202 3883 principio
1227 3795 1373 3880 fumant,
1387 3797 1474 3868 'dein
1496 3821 1628 3872 manent
1648 3801 1737 3887 fixa,
1762 3824 1875 3873 verum
1899 3805 1933 3873 in
1958 3803 2072 3895 cupel-

544 3892 741 3984 iacryilulli
767 3909 936 3962 vertuntur
966 3887 1000 3960 in
1032 3888 1151 3959 vitrum
1179 3888 1288 3968 album
1319 3908 1374 3960 aut
1404 3891 1588 3982 rubescens.
1646 3893 1821 3966 Plumbum
1854 3899 1887 3966 in
1914 3897 2073 3972 Carbone

543 3989 684 4070 multum
698 3985 820 4074 fumat,
844 3987 975 4082 penitus
991 3981 1170 4078 dililpatut:
1195 3984 1249 4058 sed
1265 3983 1440 4060 Plumbum
1454 3987 1487 4059 in
1508 3987 1607 4076 testa,
1628 3989 1800 4081 postquam
1819 3989 1975 4072 fumavit,
1999 4013 2071 4066 ver·

546 4088 624 4163 titur
646 4089 681 4160 ln¹
700 4083 830 4159 mallant
853 4083 986 4177 liquide
1008 4079 1154 4156 refinosae
1175 4083 1353 4171 aemulam,
1384 4106 1458 4176 quae
1487 4084 1604 4182 frigida
1629 4085 1726 4158 refert
1749 4089 1888 4171 vitrum,
1912 4086 2003 4177 quod
2027 4112 2071 4164 cx

544 4183 682 4262 lamellis
704 4182 875 4279 pellucidis
899 4180 996 4254 instar
1020 4179 1133 4269 Talei,
1156 4181 1278 4258 coloris
1300 4204 1342 4256 ex
1363 4183 1448 4258 flauo
1466 4185 1574 4258 viridis
1602 4183 1748 4270 constat,
1779 4181 1919 4256 Metalla
1940 4182 2013 4256 hec
2033 4190 2069 4263 in

545 4285 691 4359 carbone
711 4302 870 4375 excepto,
891 4282 925 4350 in
948 4275 1124 4350 Metallum
1148 4279 1191 4352 ab
1212 4281 1290 4355 oleo
1311 4283 1461 4355 carbonis
1484 4281 1710 4368 restituuntur,
1728 4305 1748 4354 a
1764 4303 1833 4374 quo
1853 4283 1895 4354 ab
1912 4282 1988 4379 igne
2012 4306 2068 4358 or·

544 4382 675 4455 bantur.
723 4377 886 4452 Praeterea
910 4377 944 4448 in
962 4373 1043 4448 foco
1066 4373 1201 4471 Dioptri
1221 4376 1364 4471 Lapides
1388 4379 1527 4472 quilibet
1556 4379 1760 4465 funduntur,
1791 4381 1825 4452 in
1845 4382 1962 4452 vitrum
1988 4402 2070 4458 con·

545 4498 730 4551 vertuntur:
757 4475 909 4548 Gemmae
933 4473 1083 4548 colorem
1106 4495 1231 4548 exuunt
1260 4473 1295 4548 δι
1321 4475 1478 4547 friantur:
1512 4473 1675 4573 Quaedam
1702 4499 1843 4571 corpora
1872 4483 1941 4551 cito
1964 4480 1997 4549 in
2021 4483 2068 4552 vi·

547 4592 633 4647 mum
646 4592 822 4647 ¹vertuntur
842 4571 1062 4666 pellucidum,
1086 4571 1178 4665 quod
1201 4571 1354 4670 frigidum
1375 4572 1483 4662 albet,
1506 4595 1570 4648 nec
1591 4575 1783 4661 translucet,
1807 4575 1869 4646 alia
1894 4576 1966 4648 sunt
1988 4599 2070 4670 opa-

544 4691 607 4766 ca,
631 4669 787 4763 quamdiu
809 4670 950 4763 liquidrt
975 4666 1017 4762 dr,
1035 4691 1110 4764 que
1127 4670 1243 4767 frigida
1265 4670 1442 4763 pelluceut.
1496 4671 1698 4771 Vegembilia
1722 4672 1877 4767 qualibet
1900 4676 2010 4766 primo
2032 4679 2069 4748 in

545 4769 690 4853 clarence,
714 4763 833 4839 deinde
855 4773 889 4841 in
910 4771 990 4841 vitra
1014 4788 1200 4840 mutantur:
1231 4768 1317 4842 Salia
1349 4771 1470 4844 abeunt
1502 4775 1536 4845 in
1561 4772 1721 4862 Spiritus,
1745 4792 1832 4864 quos
1856 4772 1964 4844 nullus
1982 4776 2066 4869 ignis

546 4864 701 4942 enemo
723 4863 895 4942 utificblis
926 4864 1066 4957 elicuit,
1103 4866 1381 4964 quemadmodum
1413 4869 1539 4948 constat
1568 4872 1797 4976 experimentis
1828 4866 2066 4946 Tichirnirufia

1375 4993 1379 5000 ·
1633 4989 1637 4998 ·
2014 4986 2068 5040 rus
