4992 6767
760 674 902 805 DE
1050 704 1383 805 ΙοΝΕ.
1766 717 1853 835 ayn

320 911 367 995 do
390 933 433 990 ex
453 916 516 990 hoe
536 929 694 1008 apparatu
713 907 885 985 exhaustus
904 909 951 982 est
970 909 1067 1000 Ait,
1103 908 1349 988 &incendium
1374 931 1445 985 non
1471 909 1543 985 satis
1566 913 1635 986 cito
1660 911 1776 1007 sponte
1800 915 1848 989 se-

323 1020 455 1112 quitur,
479 1035 548 1085 turn
571 1014 699 1104 capitur
719 1008 886 1101 cylindrus
906 1007 1030 1082 setreua
1051 1006 1112 1082 HI
1125 1060 1137 1096 ,
1170 1010 1261 1104 cujus
1284 1032 1359 1104 pars
1383 1007 1517 1082 inferior
1539 1013 1658 1084 candet
1681 1014 1723 1085 ab
1749 1017 1847 1111 igne,

323 1115 379 1187 hic
406 1111 485 1183 tubo
520 1107 591 1183 EF
623 1110 794 1182 inmittitur
823 1126 928 1198 usque
955 1106 997 1178 ad
1019 1126 1199 1183 extremum
1223 1107 1282 1198 F,
1319 1130 1339 1179 a
1362 1106 1513 1199 cylindro
1537 1110 1704 1183 incalescit
1728 1114 1850 1201 tubus,

324 1209 378 1303 qui
399 1209 569 1302 pulverem
589 1225 686 1299 quem
709 1207 858 1302 attingit,
885 1204 1048 1293 incendit,
1073 1223 1108 1276 ut
1130 1227 1247 1301 magna
1273 1204 1392 1303 flagret
1416 1204 1641 1281 flammatum
1657 1208 1749 1283 fumo
1765 1211 1848 1283 den·

320 1305 358 1379 so
376 1302 412 1377 dt
433 1305 574 1398 copioso
599 1325 704 1377 totum
727 1305 889 1395 recipiens
911 1301 1079 1395 implente.
1132 1302 1276 1395 Oportet
1301 1312 1337 1377 ut
1361 1305 1426 1376 hoc
1450 1309 1708 1396 experimentum
1725 1329 1849 1381 tantuna

321 1403 439 1494 hyeme
460 1404 624 1495 capiatur,
648 1424 667 1472 a
687 1401 840 1495 prudenti
854 1395 889 1470 dt
903 1404 1031 1491 perito,
1058 1402 1114 1492 qui
1133 1399 1343 1473 chirothecis
1367 1424 1482 1474 manus
1505 1405 1698 1492 custodivit;
1725 1406 1851 1497 semper

323 1504 413 1571 enim
427 1500 659 1572 combustionis
684 1497 833 1593 periculo
855 1497 887 1567 se
908 1496 1053 1590 subjicit,
1078 1502 1133 1589 qui
1150 1501 1408 1592 experimentum
1428 1498 1525 1585 facit,
1553 1505 1629 1593 quia
1643 1501 1851 1595 phosphorus

325 1619 345 1667 a
370 1595 440 1670 solo
460 1595 699 1670 adhaerescente
719 1597 862 1668 carbone
886 1595 1088 1688 incenditur,
1115 1598 1282 1688 praecipue
1304 1598 1388 1669 caelo
1411 1596 1549 1668 calente.

377 1714 429 1787 4⁰.
454 1694 520 1768 Sed
544 1696 640 1768 Solus
668 1691 876 1785 Phosphorus
900 1691 1013 1764 Utinae
1037 1697 1070 1765 in
1094 1715 1201 1764 vacuo
1223 1693 1317 1765 valde
1341 1694 1512 1765 celesticius
1532 1698 1629 1767 etiam
1651 1696 1762 1786 ardet,
1785 1719 1860 1769 nota·

324 1790 515 1884 calefactus,
540 1790 735 1884 splendidius
758 1793 793 1861 in
822 1808 927 1860 vacuo
956 1812 1053 1881 quam
1085 1793 1118 1863 in
1144 1792 1218 1864 a'e'te
1246 1795 1350 1863 nitet:
1383 1792 1430 1862 uti
1463 1792 1629 1881 quondam
1661 1815 1680 1864 a
1705 1792 1860 1883 Boyle0,

325 1888 516 1982 llaulrsbejo
539 1889 574 1960 dt
595 1891 665 1961 aliis
687 1889 746 1960 fuit
775 1885 994 1960 observatum:
1020 1891 1108 1959 nitor
1129 1888 1247 1980 perstat
1270 1885 1487 1978 &increscit,
1515 1887 1536 1957 fi
1559 1894 1718 1961 continuo
1740 1892 1861 1962 embo‹

325 1988 377 2057 lut
401 1989 435 2059 in
462 1986 558 2058 antlia
578 1991 829 2081 reciprocetur,
860 2007 897 2058 ut
921 1987 1077 2078 quicquid
1100 1984 1180 2058 fumi
1205 1986 1438 2082 genitumst,
1472 2006 1514 2055 ex
1535 1989 1714 2088 recipiente
1735 1988 1857 2059 exhatu

326 2104 435 2156 natur.
1354 2090 1362 2105 '
1649 2096 1658 2108 ‘

374 2182 430 2253 An
450 2182 520 2255 hac
535 2182 645 2255 omnia
662 2183 697 2252 in
720 2182 786 2254 hoc
812 2181 845 2271 5.
871 2182 1029 2273 descripta
1051 2205 1119 2254 non
1141 2185 1317 2263 eveniunt,
1343 2184 1418 2270 quia
1435 2183 1519 2275 ignis
1540 2185 1572 2252 in
1594 2181 1785 2274 phosphore
1801 2180 1861 2252 de·

327 2278 479 2351 litescens
503 2282 543 2352 ab
567 2281 656 2351 hire
691 2282 735 2348 ita
756 2281 1012 2368 comprimitur,
1035 2300 1072 2348 ut
1103 2300 1143 2347 ex
1163 2277 1328 2367 particulis
1355 2277 1472 2346 oleosrs
1494 2281 1583 2348 exire
1610 2298 1774 2373 nequeat,
1799 2278 1859 2348 nili

325 2395 422 2465 parce
448 2372 640 2448 &nitorem
663 2373 807 2462 aliquem
836 2373 1028 2442 excitando:
1054 2393 1130 2442 cum
1154 2376 1187 2442 in
1211 2394 1316 2444 vacuo
1342 2394 1409 2444 non
1433 2373 1652 2466 compressus,
1678 2373 1710 2444 se
1738 2395 1862 2468 expan-

327 2471 407 2551 dens
433 2471 535 2564 pleno
558 2474 629 2541 rivo
655 2468 785 2552 evolet,
811 2464 847 2537 dt
872 2468 948 2538 ideo
972 2466 1065 2538 valde
1090 2472 1197 2554 nitet,
1223 2473 1292 2539 imo
1316 2472 1427 2554 ardet,
1453 2471 1562 2541 oleum
1588 2472 1809 2544 incendendm

376 2566 428 2638 Ut
451 2570 616 2639 breviores
636 2562 752 2649 fimus,
777 2565 926 2654 quaedam
951 2567 1061 2659 ignem
1086 2566 1258 2655 spectantia
1282 2566 1339 2637 sub
1362 2565 1468 2638 forma
1492 2569 1706 2661 questionum
1733 2590 1865 2665 propo*

331 2683 468 2734 namus..
1936 2729 1939 2733 r

381 2771 414 2870 ς.
441 2768 681 2846 MDCLXIV.
710 2768 823 2867 Quare
847 2770 962 2843 ardens
980 2793 1085 2863 pruna
1104 2773 1236 2864 Spiritui
1258 2771 1337 2844 Vini
1361 2772 1479 2868 frigido
1498 2773 1611 2865 inJetta
1638 2776 1810 2847 suffocatur
1826 2775 1866 2847 δι

332 2870 535 2961 extinguitur
557 2869 653 2940 veluti
684 2871 717 2938 in
739 2869 874 2959 Aqua?
909 2867 997 2962 Quia
1021 2870 1176 2959 Spiritum
1200 2892 1268 2941 non
1292 2870 1363 2941 satis
1389 2868 1563 2941 calefacere
1583 2873 1721 2962 potest,
1752 2893 1789 2942 ut
1813 2875 1863 2943 in·
1888 2922 1894 2931 »

334 2963 537 3048 flanimetur:
562 2964 638 3035 hinc
664 2965 845 3056 ispanus
873 2963 951 3035 Vini
972 2968 1062 3054 prius
1087 2970 1120 3038 in
1149 2970 1226 3063 igne
1250 2968 1291 3037 ad
1318 2967 1542 3038 ebullitionem
1573 2970 1720 3039 redamus
1747 2968 1872 3053 fuerit,

331 3058 499 3152 extemplo
522 3062 561 3132 ah
588 3060 703 3154 injedia
727 3083 832 3153 pruna
869 3062 1071 3133 incendetur.
1127 3062 1231 3134 Simili
1264 3061 1368 3133 modo
1402 3084 1553 3154 apruna
1581 3085 1648 3135 non
1681 3065 1873 3135 incenditur·

332 3159 442 3230 charta
458 3159 518 3231 ,tel
542 3160 701 3243 linteum,
727 3157 784 3229 nist
809 3160 899 3247 prius
923 3158 1092 3229 incaluerit
1115 3158 1347 3229 vehementer:
1373 3159 1406 3230 Si
1433 3162 1520 3229 enim
1540 3158 1865 3246 chartam,.linteum

331 3255 383 3327 uel
408 3254 499 3325 iilum
521 3255 641 3327 lineum
663 3258 749 3326 ariie
775 3255 962 3346 apposueris
987 3254 1086 3346 lapidi
1113 3255 1164 3328 vel
1190 3254 1355 3341 metallo,
1390 3251 1563 3327 &chartae
1597 3279 1736 3349 prunam
1757 3259 1866 3350 impo-

335 3351 452 3435 sueris.
478 3374 544 3424 noo
569 3353 799 3439 comburetur,
824 3352 881 3424 nih
905 3351 985 3443 lapis
1009 3355 1098 3445 prius
1122 3353 1332 3426 vehementer
1353 3354 1491 3445 caleat,
1517 3372 1553 3423 ut
1577 3355 1751 3428 incendere
1772 3354 1868 3427 chat·

337 3470 402 3521 tam
426 3449 595 3539 potuisset..
1339 3512 1344 3521 .
1660 3519 1678 3538 ,,

387 3572 421 3618 2.
447 3545 558 3638 Quare
579 3550 612 3616 in
633 3546 795 3615 cochleari
816 3544 922 3612 scrreo
943 3545 1036 3614 valde
1055 3548 1160 3638 ignito
1180 3564 1279 3639 gutta*
1294 3544 1493 3625 Alcoholis,
1518 3546 1567 3616 vel
1600 3544 1676 3617 Olei
1701 3547 1864 3619 Terebin-

335 3644 460 3725 rhinae‚
485 3642 627 3734 injecit,
651 3642 859 3712 vehementer
881 3642 1012 3710 vertitur
1037 3642 1235 3735 ingyrum,
1261 3640 1297 3711 lit
1321 3640 1499 3730 sphaerica,
1524 3641 1640 3727 albet,
1666 3645 1730 3714 diu·
1747 3644 1866 3735 perstat

337 3760 512 3827 antequam
543 3742 577 3810 in
611 3760 746 3829 vapores
777 3736 1023 3819 vernavola,
1058 3757 1125 3805 non
1158 3758 1236 3808 vero
1271 3735 1519 3825 inflammatur,
1553 3742 1601 3810 uti
1637 3739 1698 3825 ht,
1730 3740 1866 3832 quando

333 3838 412 3928 plus
434 3856 686 3907 memoratorum
709 3833 883 3904 fluidorum
908 3832 1069 3904 cochleari
1093 3831 1294 3905 infunditur?
1326 3834 1380 3905 An
1407 3856 1476 3904 non
1501 3838 1585 3927 quia
1613 3837 1827 3930 undiquaque.
1846 3858 1871 3908 aa

336 3933 506 4004 luculento
529 3937 606 4028 igne
629 3932 769 4002 ambitur
793 3949 902 4025 gutta,
924 3929 1007 4000 adeo
1030 3950 1066 4000 ut
1095 3932 1162 4001 ner
1180 3929 1283 4001 libere
1308 3931 1440 4001 adeam
1464 3933 1621 4005 accedere
1643 3950 1804 4029 nequeat,
1830 3930 1870 4004 dt·

338 4049 444 4121 partes
468 4031 509 4099 ab
535 4032 611 4125 igne
632 4024 767 4099 nimium
792 4032 1075 4118 comprimuntur,
1118 4048 1215 4115 quum
1245 4048 1281 4096 ut
1301 4031 1334 4096 in
1360 4048 1462 4096 ratem
1487 4028 1654 4101 flammam
1679 4036 1760 4102 verti
1787 4053 1867 4119 pos·

339 4127 419 4208 lint,
443 4146 496 4195 aut
520 4128 575 4196 sub
598 4126 702 4196 forma
725 4126 852 4216 vaporis
872 4124 1049 4208 exhalent,
1083 4123 1137 4191 scd
1162 4121 1261 4191 imile
1289 4123 1325 4193 fit
1354 4144 1392 4192 ac
1424 4122 1475 4193 de·
1489 4128 1588 4218 guttis
1613 4126 1718 4213 Aquae
1743 4127 1873 4197 dietum·-

339 4222 402 4293 est:
428 4222 530 4314 major
556 4245 663 4293 autem
694 4227 792 4313 copia
816 4239 1070 4292 memoratorum
1095 4217 1271 4287 fluidorum
1291 4241 1359 4290 non
1382 4221 1423 4289 ab
1446 4224 1522 4315 igne
1548 4222 1581 4291 in
1604 4221 1781 4294 rotundum
1798 4237 1868 4292 am·

339 4320 451 4404 bitur,
476 4322 625 4411 adeoque
647 4341 713 4391 non
734 4319 980 4407 comprimitur,
1006 4313 1041 4386 δι
1066 4319 1100 4385 in
1124 4314 1290 4385 flammam
1319 4337 1421 4385 raram
1454 4320 1533 4388 verti
1554 4316 1675 4409 potest.

385 4428 434 4508 3³.
461 4418 532 4490 Cur
561 4418 655 4489 slatus
680 4416 814 4507 alicujus
838 4416 977 4505 impetus
1002 4416 1034 4484 in
1059 4411 1226 4484 flammam
1251 4411 1360 4503 pulsus
1386 4415 1452 4484 vim
1476 4417 1560 4510 ignis
1593 4415 1715 4513 auget?
1737 4415 1804 4491 hoc
1829 4414 1868 4491 ht

338 4515 469 4606 quando
490 4520 590 4587 rarior
612 4514 753 4588 flamma
783 4517 824 4583 in·
842 4510 980 4603 spatium
1010 4510 1173 4608 angustius
1202 4511 1244 4580 ab
1275 4508 1365 4581 flatu>
1382 4512 1415 4581 in
1442 4513 1589 4587 medium
1613 4516 1739 4588 diredio
1764 4513 1799 4588 ἃ
1824 4518 1874 4589 ab>

337 4610 426 4680 hire
451 4632 585 4682 externo
607 4617 853 4705 comprimente
878 4610 1108 4681 condensatur:
1135 4604 1224 4678 Nam
1247 4607 1404 4679 densoris
1427 4611 1510 4704 ignis
1537 4612 1582 4683 est
1607 4612 1712 4709 major
1738 4616 1868 4694 violen-

339 4710 400 4776 tia:
428 4706 524 4776 veluti
546 4713 578 4777 in
603 4709 686 4779 Solis
708 4711 802 4779 radiis
827 4709 860 4779 in
881 4708 960 4779 foco
984 4709 1103 4799 dioptri
1124 4705 1233 4777 uliorii
1259 4711 1422 4779 coatiiato
1442 4712 1542 4783 etiam
1566 4713 1701 4787 obtinet.
1751 4747 1753 4752 ·

388 4820 441 4890 4⁰.
468 4801 541 4872 Cur
565 4826 679 4874 ventus
701 4806 800 4891 latus,
832 4806 953 4877 modici
986 4810 1127 4899 impetus
1157 4802 1319 4880 flammam
1343 4805 1458 4878 efflat?
1492 4830 1606 4883 ventus
1639 4812 1735 4887 latior
1759 4832 1868 4904 quant

342 4896 482 4972 flamma
504 4921 651 4989 omnes,
683 4904 734 4975 vel
761 4903 922 4994 plurimas
945 4906 1030 5004 ignis
1057 4925 1264 5000 partescum
1290 4906 1360 4980 aliis
1379 4908 1499 5001 pabuli
1514 4910 1730 4989 candentibus
1750 4932 1770 4980 a
1791 4908 1866 4981 reli·

1000 5015 1003 5020 .
1087 5055 1094 5070 ι
1402 5018 1405 5025 ,
1803 5020 1869 5097 qua
