4992 6767
540 678 626 785 τη
989 645 1125 738 DE
1278 640 1607 732 lGNF,

543 851 780 946 diumuora&
801 847 906 924 uellus
925 848 1054 934 noeto,
1084 844 1170 918 adeo
1198 860 1236 915 ut
1262 839 1378 914 celum
1411 840 1456 912 ibi
1484 856 1650 930 nunquam
1680 859 1838 934 vaporum
1874 853 1912 925 fit
1942 877 2083 955 espen,-

548 965 615 1042 five
636 958 671 1028 hi
700 954 763 1027 lint
785 967 892 1044 prope
907 944 1030 1036 solum,
1056 943 1172 1017 livein
1197 937 1297 1042 altum
1314 936 1557 1021 adscenderint,
1580 938 1743 1036 interdum
1766 943 1982 1038 aliquomodo
2000 959 2084 1032 dpffi.

549 1077 689 1155 pantur,
713 1071 750 1126 ut
776 1047 861 1122 Solis
886 1046 996 1141 imago
1022 1040 1154 1134 speilari
1174 1037 1288 1131 polilt,
1314 1036 1423 1117 calore
1442 1035 1610 1106 mdiorum
1630 1055 1824 1112 tamennon
1843 1045 2003 1124 ledentes
2025 1058 2084 1129 Ad

550 1155 729 1230 distantim
752 1167 932 1242 paucorum
954 1139 1139 1213 milliarium
1162 1133 1279 1208 caelum
1307 1133 1353 1205 est
1383 1135 1485 1230 tnagis
1506 1132 1678 1221 serenum,
1703 1134 1757 1208 sed
1774 1137 1821 1207 ibi
1844 1163 1978 1238 quoque
2014 1175 2086 1225 ma.

548 1250 717 1348 jor-color
742 1265 855 1343 regnat
880 1239 965 1337 (a).
1660 1299 1663 1304 .

604 1346 776 1445 Quantum
796 1342 917 1420 caloris
942 1338 1115 1409 discrimen
1138 1352 1268 1405 montes
1289 1329 1453 1421 uallesque
1474 1329 1621 1416 fociant,
1656 1332 1848 1428 colligitur,
1873 1358 1949 1411 cum
1968 1346 2014 1416 in.
2034 1348 2088 1419 fit.

549 1443 627 1521 ,tore
651 1440 858 1516 Occidentuli
883 1437 994 1533 Regni
1013 1432 1198 1506 -Peruaoia
1228 1430 1325 1502 Santa
1355 1428 1462 1500 Maria
1485 1428 1528 1500 de
1549 1428 1580 1499 la
1602 1427 1716 1502 Parilia
1744 1431 1785 1501 ad
1810 1430 1907 1505 Lima
1927 1460 1946 1508 a
1967 1439 2085 1532 Janm.

550 1551 608 1618 rio
630 1542 682 1615 vel
707 1539 886 1612 Februario
912 1554 1015 1625 usque
1040 1530 1082 1601 ad
1106 1529 1240 1622 Junium
1260 1527 1376 1616 hyems
1404 1530 1438 1596 in
1464 1527 1634 1598 montibus
1652 1548 1787 1626 regnat,
1811 1552 1913 1621 quum
1940 1538 2030 1609 aestas
2048 1542 2087 1613 dt

555 1648 591 1716 in
615 1639 777 1712 uallibus:
810 1635 829 1705 d
860 1632 962 1726 Juoio
989 1633 1097 1720 usque'
1123 1625 1165 1700 ad
1191 1624 1408 1698 Novembrim
1437 1619 1711 1704 &Decembrim
1727 1648 1812 1718 aqua
1835 1632 1870 1699 in
1894 1630 2085 1710 fluminibus

551 1738 694 1823 delicit,
726 1753 861 1825 tumque
884 1728 929 1800 est
958 1727 1071 1817 hyems
1097 1726 1131 1796 in
1155 1722 1317 1807 vallibus,
1355 1716 1500 1791 &sellas
1519 1724 1560 1791 ‚iu
1585 1725 1776 1796 montibus:
1810 1723 1894 1797 Haec
1918 1735 2085 1822 tempesta·

549 1858 635 1909 itum.
658 1832 823 1926 oppolitio
852 1832 886 1901 in
924 1846 989 1900 tam
1016 1844 1117 1917 parvo
1149 1818 1319 1894 interuallo
1344 1837 1436 1890 notat
1469 1838 1624 1915 magnum
1652 1821 1827 1895 discrimen
1860 1845 2085 1918 temperatum

554 1934 629 2007 caeli
656 1932 748 2026 (l).

548 2091 554 2100 ·
603 2059 635 2156 5.
662 2052 837 2128 MDLIX.
862 2049 984 2122 Omnia
1016 2046 1137 2128 fluida,
1163 2044 1279 2136 aequoli
1302 2042 1404 2135 copta
1429 2044 1539 2134 quoad
1562 2048 1764 2134 mensuram,
1787 2052 1822 2121 in
1845 2054 2008 2128 ambiente
2033 2080 2087 2131 ca·

442 2215 447 2226 .
553 2156 667 2230 lidloti
691 2152 797 2226 fluido
830 2145 866 2220 bt
890 2151 924 2219 in
947 2145 1113 2218 simillimis
1133 2143 1270 2214 vasculis
1290 2191 1305 2225 .,
1338 2162 1401 2212 nec
1426 2159 1521 2232 reque
1540 2144 1706 2230 celeriter,
1731 2167 1793 2219 nec
1813 2152 1882 2239 pari
1906 2153 2014 2225 calore
2038 2158 2088 2228 in·

552 2254 743 2330 calescunt:
768 2245 906 2325 sedulia
929 2244 1000 2313 aliis
1022 2245 1117 2312 citius
1131 2240 1276 2310 colorem
1299 2239 1436 2322 bibunt,
1460 2238 1512 2310 vel
1535 2239 1609 2331 plus
1633 2241 1860 2332 incalescunt,
1884 2247 2005 2324 diutius
2028 2274 2088 2324 cu·

554 2349 722 2433 stodiunt,
748 2361 811 2417 nee
836 2343 879 2414 ad
901 2338 1152 2432 aquabilitatem
1174 2336 1291 2406 mloris
1314 2339 1533 2425 perveniunt,
1570 2339 1627 2409 nisu
1652 2338 1709 2411 diu
1740 2340 1914 2437 multisque
1929 2346 2027 2419 hori,
2051 2352 2087 2423 p,

553 2447 679 2519 eodem
700 2442 810 2515 colore
834 2438 987 2509 steterint.
1027 2433 1194 2504 Omnium
1218 2432 1387 2503 celerrime
1410 2431 1576 2505 incalescit
1592 2436 1681 2521 ner,
1706 2436 1825 2510 deinde
1839 2439 1962 2534 reliqua
1982 2442 2085 2518 fluida

551 2544 626 2614 laoc
653 2541 790 2624 ordine,
815 2534 1019 2617 Mercurius,
1045 2530 1263 2611 Petroleurn,
1297 2526 1421 2599 Oleum
1447 2528 1721 2618 Terebintbioae,
1752 2533 1921 2622 Alcohol‚
1949 2540 2086 2633 sppfpm,

556 2639 658 2725 Vini,
683 2640 823 2709 Acetum
850 2631 949 2715 Vini,
981 2629 1103 2699 Oleum
1126 2625 1280 2714 Vinioli,
1313 2625 1437 2714 Aqua,
1469 2624 1528 2718 Jua
1553 2633 1658 2702 carnis
1682 2628 1865 2720 Vitulinae,
1890 2634 2014 2710 Vinum
2039 2639 2085 2713 al·

556 2739 639 2810 bum
663 2734 852 2814 Gallicum,
876 2727 965 2814 Lac,
990 2730 1087 2817 Aqua
1108 2723 1200 2811 salsa,
1224 2723 1322 2814 Aqua
1345 2719 1457 2811 fortis,
1483 2721 1605 2798 Oleum
1625 2726 1723 2817 Lini,
1739 2728 1874 2806 Oleum
1889 2727 2086 2830 Regiam,

555 2834 682 2905 Oleum
709 2830 889 2902 otmarum.
1354 2837 1360 2850 ·
1790 2863 1794 2869 .

604 2956 637 3054 p.
663 2951 821 3029 MDLX.
848 2948 885 3018 in
906 2948 1019 3017 eadem
1045 2945 1142 3034 Aqua
1164 2943 1291 3014 colente
1312 2943 1489 3016 maximum
1509 2941 1656 3018 ,colorem
1686 2947 1778 3022 bibit
1795 2949 2002 3044 Mercurius,
2024 2960 2085 3032 nii.

556 3074 674 3132 norem
701 3051 824 3137 reliquo
845 3039 950 3115 fluida
981 3041 1048 3110 hoc
1077 3039 1216 3123 ordine,
1252 3036 1375 3108 Oleum
1401 3035 1668 3132 Terebinthinae,
1704 3046 1826 3119 Oleum
1850 3050 1999 3134 Vitrioli.
2026 3055 2087 3129 Pe·

410 3176 416 3189 .
556 3147 731 3230 tropum,-
747 3142 862 3231 Aqua,
891 3135 1202 3225 Oleumtmpermn,
1226 3132 1391 3220 Acetum,
1417 3131 1539 3206 Oleum
1561 3136 1656 3227 Liui,
1681 3142 1819 3237 Spiritus
1843 3147 1940 3239 Vini,
1965 3151 2086 3230 Oleum

556 3239 750 3327 olivarum,
775 3233 907 3312 condem
931 3225 1088 3310 Alcohob

631 3434 640 3452 .
668 3375 844 3457 MDLXI.
858 3373 1028 3447 ,Omnium
1044 3373 1195 3447 citissime
1219 3374 1263 3448 ad
1294 3380 1467 3452 terminum
1486 3382 1652 3456 summum
1683 3385 1800 3459 coloris
1827 3398 1973 3480 peruenit
1994 3392 2089 3469 Mep.

552 3483 692 3564 curius,
715 3476 815 3571 poulo
843 3472 961 3546 lentius
981 3470 1126 3544 Alcohol
1151 3469 1186 3545 &
1216 3474 1340 3545 Oleum
1368 3474 1640 3566 Terebinthinae,
1674 3483 1793 3556 lentius
1821 3486 1958 3577 Spiritus
1993 3490 2086 3580 Vini,

560 3575 811 3662 multo,tardius
833 3571 1050 3656 Pemoleum,
1081 3571 1209 3663 Aqua,
1241 3571 1364 3646 Oleum
1390 3573 1580 3671 Raparum,
1606 3575 1642 3651 bt
1670 3580 1792 3654 Oleum
1816 3582 1956 3660 Vitrioli.
2009 3590 2087 3663 Ideo

557 3678 664 3750 stante
687 3673 859 3754 Mercurio
881 3671 915 3741 iu
937 3668 1057 3744 eodem
1083 3671 1199 3742 coloris
1255 3672 1345 3755 adu;
1372 3695 1513 3770 pergunt
1542 3677 1603 3748 alia
1636 3677 1740 3752 fluida
1763 3680 1870 3754 adhuc
1894 3687 2087 3760 incalescere

558 3776 626 3848 sive
654 3772 821 3853 rarelieri3
845 3771 921 3838 imo
941 3765 1159 3842 decrescente
1213 3771 1349 3836 ,ercurii
1378 3770 1488 3841 calore
1521 3774 1672 3845 increscit
1700 3775 1806 3849 adbuc
1837 3781 1929 3853 calor
1958 3789 1991 3855 in
2018 3786 2088 3857 app,

561 3867 688 3948 fluidis.

634 4042 643 4062 .
669 3980 860 4058 MDLXll.
887 3978 1046 4051 Omnium
1062 3975 1245 4050 fluidorum
1270 3976 1422 4069 ocyffime
1445 3982 1587 4058 calorem
1608 3990 1726 4061 amittit
1747 3992 1839 4077 Ae'r,
1865 4012 1933 4065 rum
1952 3996 2089 4075 Mercu.

554 4092 648 4172 rius,
673 4084 792 4156 lentius
813 4078 957 4152 ntcohol
984 4073 1019 4147 bu
1043 4075 1165 4150 Oleum
1188 4074 1453 4169 Tereblnebinae,
1477 4082 1582 4156 multo
1605 4082 1725 4159 lentius
1748 4093 1865 4182 Aqua,
1884 4090 2007 4169 lentius
2026 4097 2089 4172 Pe·

559 4184 723 4270 troicum,
747 4179 915 4253 lentillume
938 4173 1060 4245 Oleum
1086 4172 1229 4246 Vinioli.
1534 4203 1539 4212 ·

553 4315 558 4326 '
634 4285 889 4375 ,MDLXHL-
903 4294 1024 4365 Olmii
1053 4293 1180 4382 fluida,
1205 4317 1346 4390 excepto
1373 4302 1470 4391 a‘e‘re,
1496 4307 1537 4376 ab
1555 4308 1638 4401 'igne
1662 4306 1703 4378 ad
1728 4309 1952 4387 ebullitionem
1975 4319 2089 4397 reduci

559 4300 719 4498 poliunt,
738 4415 874 4488 tumque
896 4391 1024 4488 calent„
1050 4414 1205 4484 quantum
1223 4397 1255 4465 in
1270 4398 1358 4468 dire
1371 4399 1521 4490 potsunt,
1546 4389 1750 4496 maximeque
1763 4410 2002 4504 intumuerunt,
2023 4422 2086 4494 nifi

560 4499 681 4570 suerint
698 4499 732 4567 in
747 4511 903 4586 vaporem
923 4490 1020 4562 versa.
1070 4489 1215 4587 ando
1232 4489 1473 4591 fluido‘frigent
1496 4503 1635 4571 termino
1650 4503 1835 4594 incipientis
1878 4509 1990 4597 lactei,
2016 4536 2086 4591 tum

558 4598 596 4666 in
623 4594 723 4683 Aqua
753 4589 908 4661 bulliente
936 4590 1039 4681 pofita
1066 4592 1287 4663 intumescunt
1316 4612 1408 4684 parte
1442 4598 1542 4670 totius
1567 4596 1664 4671 molis
1697 4599 1763 4675 hoc
1792 4626 1825 4677 m
1872 4630 1915 4700 ο,
1949 4610 2085 4687 Mercu.

2017 4715 2085 4802 nm

634 4886 649 4954 l
653 4884 692 4958 ι)
710 4883 801 4948 Ullou
822 4884 945 4960 Voprge
966 4902 1002 4943 au
1023 4885 1119 4945 Perou
1138 4901 1204 4962 pag.
1225 4901 1294 4963 453.

635 4967 697 5047 (l)
716 4964 807 5036 Ulloa
828 4965 948 5044 voyage
969 4979 1005 5025 au
1025 4965 1123 5029 remu
1139 4981 1208 5068 pag,
1236 4976 1303 5050 4²²·
1398 5043 1404 5054 ¹
1443 4985 1448 4994 ·
