4992 6767
545 692 637 807 6550
877 683 1748 783 Du'rxoaxlurxrmus

597 912 649 987 4⁰.
675 882 860 988 Quomodo
887 885 962 960 Lux
993 910 1034 962 ex
1067 892 1263 982 corporibus
1287 890 1386 962 firmis
1415 891 1631 975 lucentibus,
1660 891 1709 961 uti
1739 884 1759 958 ὲ
1793 886 1878 960 Sole·
1897 887 1955 964 vel
1974 911 2083 986 prtum

546 992 699 1067 emanat?
749 991 805 1061 An
834 1011 923 1072 non,
949 992 1024 1079 quia
1050 1008 1157 1079 partes
1181 989 1290 1059 solidae
1320 988 1437 1059 horum
1462 1008 1668 1077 corporum,
1694 987 1816 1058 etiamsi
1839 988 1913 1061 luce
1929 992 2082 1084 aliquau-

548 1114 617 1164 tum
643 1089 800 1170 lecretae,
835 1089 866 1157 vi
893 1085 946 1154 sua
972 1088 1151 1156 attrahente
1181 1086 1223 1154 ad
1257 1086 1288 1155 se
1311 1087 1489 1170 nituntur,
1524 1104 1621 1175 atque
1645 1083 1835 1157 accedendo
1857 1088 2077 1181 interceptam

546 1192 654 1262 lucem
676 1187 714 1256 ea
740 1184 912 1254 velocitate
936 1184 1133 1274 expellunt,
1167 1203 1231 1272 qua
1259 1185 1347 1252 exite
1370 1181 1576 1278 observaturi
1626 1179 1810 1254 Difficultas
1834 1186 1869 1257 in
1891 1192 2077 1280 praerapida

544 1290 630 1358 lucis
661 1284 824 1355 celeritate
848 1280 952 1350 latet:
985 1280 1039 1349 sed
1069 1283 1116 1349 vis
1142 1278 1302 1349 attrahens
1325 1279 1371 1348 est
1397 1284 1543 1370 potentia
1568 1300 1750 1372 premens,
1781 1279 1883 1354 Lucis
1905 1287 2072 1375 particulae

545 1387 617 1456 sunt
644 1381 866 1460 obstaculum,
893 1378 1043 1466 adeoque
1068 1396 1127 1465 per
1150 1374 1182 1463 §.
1204 1377 1286 1467 258.
1312 1376 1358 1447 est
1378 1377 1404 1449 P
1430 1397 1471 1434 ==
1493 1377 1568 1448 OS.
1595 1398 1772 1464 manente,
1792 1378 1846 1465 P,
1866 1382 2007 1469 mdem,
2030 1383 2072 1458 bt

545 1478 754 1553 decrescente
779 1475 834 1558 Ο,
860 1477 1009 1543 increscit
1032 1473 1075 1557 S,
1099 1472 1184 1542 adeo
1199 1494 1234 1544 ut
1257 1475 1279 1543 sr
1304 1473 1338 1544 O
1362 1474 1431 1547 sere
1454 1475 1567 1546 evadat
1590 1475 1716 1546 infinite
1739 1497 1859 1567 parva,
1884 1484 2065 1570 quantitas,-

545 1580 595 1660 S,
635 1578 691 1645 liat
721 1573 789 1642 fere
818 1570 942 1640 infinite
974 1590 1101 1665 magna.
1158 1570 1223 1640 Sed
1254 1573 1426 1661 quomodo
1460 1571 1534 1644 Lux
1567 1593 1608 1642 ex
1639 1571 1774 1644 flamma
1808 1578 1876 1647 exit
1891 1629 1905 1665 ,
1938 1580 1972 1647 in
2007 1599 2076 1669 qua

544 1674 690 1762 superior
716 1667 934 1740 consideratio
960 1688 1028 1737 non
1054 1667 1180 1738 videtur
1204 1668 1322 1742 habere
1345 1670 1488 1741 locum?
1538 1669 1596 1741 An
1628 1673 1741 1761 potius
1772 1669 1849 1744 Ltus
1874 1693 1914 1744 ex
1938 1674 2073 1748 lucente

544 1772 629 1854 exit,
656 1770 732 1859 quia
756 1789 775 1837 a
797 1767 828 1837 vi
854 1785 1033 1854 corporum
1058 1764 1236 1855 repellente
1261 1767 1396 1861 agitur?
1432 1788 1501 1838 tunr
1526 1787 1620 1857 aeque
1645 1788 1685 1837 ex
1711 1767 1811 1840 solida
1835 1771 1966 1842 ardente
1991 1794 2070 1863 pru-

546 1889 608 1952 na,
633 1889 671 1936 ac
695 1886 736 1935 ex
758 1864 903 1956 partibus
925 1862 1093 1933 flammam
1114 1866 1391 1952 componentibus
1415 1864 1525 1934 solutis
1549 1863 1673 1954 repulsa
1687 1867 1806 1937 exiret:
1831 1870 1989 1939 incertum
2003 1869 2075 1941 hoc:

543 1966 601 2035 est.
652 1963 710 2034 Est
735 1981 890 2052 praterea
912 1960 974 2029 alia
998 1959 1168 2030 difficultas
1189 1963 1223 2030 in
1249 1963 1338 2030 exitu
1360 1960 1459 2032 Lucis
1475 1961 1494 2029 e
1509 1959 1602 2032 Sole:
1628 1959 1716 2032 Nam
1732 1960 1807 2033 Lux
1822 1968 1927 2060 gravis
1944 1965 2009 2049 eli,
2034 1963 2072 2037 (a

544 2064 700 2158 gravitate
716 2061 828 2130 nititur
848 2060 881 2128 iu
908 2057 1043 2140 Solem,
1068 2057 1090 2125 li
1113 2077 1194 2150 ergo
1216 2056 1292 2128 Lux
1315 2058 1335 2127 ὲ
1359 2059 1436 2130 Sole
1461 2061 1562 2128 exibit
1586 2060 1850 2149 quoquoversus,
1876 2082 2010 2153 oportet
2034 2084 2074 2134 ut

544 2161 672 2250 superet
688 2159 810 2229 viribus
826 2156 1019 2225 exeuntibus
1038 2156 1103 2224 virn
1118 2158 1280 2247 gravitatis
1297 2158 1330 2225 in
1354 2155 1464 2226 Solem
1474 2206 1491 2241 ,.
1510 2157 1595 2226 adeo
1611 2176 1646 2225 ut
1661 2160 1824 2246 potentia,
1850 2179 1924 2248 quae
1940 2162 1973 2228 in
1991 2180 2072 2249 pur-·

545 2260 631 2327 tibus
660 2255 746 2325 Solis
767 2252 894 2322 Lucem
920 2249 1081 2341 expellet,
1107 2252 1224 2321 debeat
1247 2252 1310 2323 elle
1332 2252 1494 2323 sortllsrma
1520 2249 1555 2322 dt
1578 2255 1699 2324 viribus
1716 2254 1907 2326 centralibus
1924 2255 2054 2347 major·

596 2371 648 2443 5⁰.
674 2356 730 2421 An
754 2348 829 2419 Lux
849 2369 890 2417 ex
913 2349 1004 2417 omni
1025 2368 1168 2438 corpore
1189 2348 1318 2420 lucente
1341 2350 1457 2440 equali
1481 2349 1652 2424 uelocitate
1678 2352 1824 2422 emanati
1850 2353 1884 2423 id
1898 2354 1987 2424 nulla
2002 2355 2065 2423 ob·

544 2450 723 2521 servatione
740 2446 882 2517 constat:
909 2443 1069 2539 Quamvis
1089 2446 1201 2529 exiis,
1225 2468 1298 2536 quae
1313 2447 1442 2537 prodita
1461 2446 1531 2517 sunt
1555 2469 1573 2517 a
1591 2446 1773 2537 Bradlevo,
1798 2447 1973 2542 sequatur,
1999 2448 2076 2521 Lu·

544 2569 618 2619 cem
643 2546 662 2614 ὲ
689 2545 770 2615 Sole
797 2539 833 2613 be
859 2543 966 2613 Srellis
992 2541 1064 2611 fixis
1087 2542 1128 2611 ad
1151 2541 1285 2615 Terram
1311 2545 1427 2634 aequali
1452 2544 1617 2615 celeritate
1640 2533 1740 2615 ferri.¹

594 2645 648 2715 6⁰.
673 2642 818 2713 Ubinam
844 2658 951 2710 manet
974 2637 1075 2725 Lux,
1100 2661 1174 2731 quae
1200 2641 1219 2711 ὲ
1248 2642 1327 2713 Sole
1352 2659 1402 2711 tot
1422 2639 1534 2711 seculis
1558 2644 1592 2712 in
1617 2641 1771 2731 spatium,
1797 2646 1832 2716 in
1860 2666 1928 2735 qtro
1954 2645 2076 2718 Plane·

544 2762 587 2814 tae
611 2737 646 2810 ἂ
671 2758 810 2810 cometae
832 2736 1013 2821 versantur,
1039 2739 1223 2809 emanavit?
1247 2762 1289 2811 an
1312 2737 1465 2809 relabitur
1483 2743 1637 2833 gravitate
1652 2742 1686 2809 in
1709 2739 1841 2827 Solem,
1866 2739 1979 2813 amisso
1996 2765 2071 2815 mo·

544 2855 597 2921 tu,
624 2857 693 2925 quo
719 2832 850 2925 expulsa
873 2833 998 2905 fuerat?
1023 2856 1063 2904 an
1087 2837 1120 2905 in
1145 2833 1279 2925 spatium
1301 2834 1461 2905 infinitum
1485 2838 1574 2906 exire
1598 2836 1725 2930 pergit?
1747 2839 1906 2907 incertum
1931 2840 1987 2907 eli.

594 2949 647 3025 7⁰.
673 2928 844 3024 Quoniam
868 2930 909 3000 ab
931 2932 1161 3023 Atmospbrera
1183 2935 1277 3002 aarea
1303 2932 1437 3002 Terram
1459 2935 1630 3027 cingente,
1654 2933 1695 3001 ab
1720 2933 1833 3021 Aqua,
1857 2928 1894 3002 δι
1915 2954 1934 3002 a
1959 2932 2065 3005 Virro

542 3029 620 3103 Lux
643 3028 731 3099 Solis
756 3024 792 3098 &
817 3027 988 3097 Stellarum
1011 3028 1178 3117 aqualiter
1201 3028 1406 3123 refringitur,
1432 3047 1521 3121 patet
1545 3050 1617 3100 eam
1642 3031 1676 3103 in
1699 3028 1890 3100 intermedio
1914 3032 2068 3101 interval·

543 3129 621 3201 loa
647 3124 755 3196 Stellis
783 3125 825 3196 ad
849 3124 985 3194 Terram
1008 3146 1076 3195 non
1101 3121 1193 3192 fuille
1217 3125 1427 3209 retardatam,
1454 3147 1515 3195 nec
1539 3126 1750 3197 acceleratam
1772 3175 1784 3209 ‚
1808 3145 1972 3217 utcunque
1995 3126 2073 3200 haec

519 3231 521 3234 ’
542 3222 710 3297 intervalla
735 3223 939 3311 discrepent:
965 3220 1115 3312 adeoque
1138 3219 1236 3310 spatia
1259 3221 1397 3292 caeleliia
1418 3224 1615 3313 corporibus
1638 3222 1935 3297 resistentibus-uon
1950 3223 2084 3315 plena,-

542 3323 599 3395 sed
624 3341 725 3393 vacua
750 3319 831 3404 svnt,
855 3315 981 3388 necesse
1005 3316 1062 3387 est.

592 3421 644 3491 80.
670 3420 725 3489 An
749 3415 825 3486 Lux
849 3412 975 3485 reflexa
997 3434 1017 3483 a
1039 3435 1180 3506 corpore
1203 3434 1311 3505 opaco
1332 3415 1469 3488 eandem
1495 3417 1702 3488 velocitatem
1729 3418 1858 3503 servat,
1883 3439 1979 3509 quarn
2004 3440 2071 3512 qua

444 3507 452 3522 ⁸
542 3516 701 3588 inciderat
722 3514 825 3585 modo
849 3508 959 3581 emilla
980 3532 1023 3581 eu
1053 3533 1193 3604 corpore
1222 3512 1388 3584 lucente?
1438 3514 1472 3586 Si
1497 3514 1634 3610 angulus
1660 3515 1852 3589 reflexionis
1877 3518 1913 3588 stt
1938 3518 2068 3607 aequalis

543 3612 667 3709 angulo
692 3612 895 3697 incidentiae,
920 3610 981 3679 erit
1001 3610 1116 3680 eadem
1140 3608 1303 3682 redeuntis
1324 3633 1363 3683 ac
1387 3614 1534 3704 impasiae
1559 3611 1642 3685 lucis
1666 3615 1840 3698 velocitas3
1866 3614 1900 3686 id
1924 3618 1957 3685 in
1982 3613 2064 3704 poli·

503 3733 508 3747 ··
544 3733 649 3784 tarum
672 3708 912 3800 superficierum
937 3705 1179 3797 splendentibus
1201 3712 1396 3798 corporibus
1411 3710 1522 3781 locum
1547 3709 1656 3782 habet.
1699 3711 1951 3783 Observationes
1966 3709 2066 3782 Brad-

544 3810 611 3897 leyi
640 3811 788 3876 evincere
810 3805 979 3889 videntur,
1005 3798 1131 3873 Lucem
1153 3803 1173 3872 ὲ
1193 3802 1272 3873 Sole
1294 3803 1415 3874 directe
1435 3806 1477 3875 ad
1502 3805 1637 3875 Terram
1663 3807 1832 3894 emiliam,
1866 3831 1936 3880 turn
1960 3830 1979 3879 a
2005 3811 2067 3880 cir·

545 3901 792 3994 curnjovialibus
816 3900 1022 3991 replicatam,
1047 3897 1309 3991 semper.eadem
1332 3900 1495 3970 celeritate
1518 3902 1720 3989 procurrille.

592 4018 645 4091 9⁰.
671 3996 743 4069 Cur
773 3995 916 4092 Lignum
945 4015 1092 4070 veterum
1115 3997 1297 4083 arborum,
1328 4017 1407 4067 caro
1434 3995 1618 4066 animalium
1645 3997 1868 4080 terrestrium,
1902 3993 2072 4084 &pisces

544 4097 642 4170 multi
671 4115 895 4187 putrescentes
927 4091 963 4165 ἃ
993 4095 1067 4167 loca
1099 4116 1173 4187 quae
1203 4091 1388 4185 frequenter
1416 4095 1507 4166 urina
1532 4095 1728 4188 irrigantur,
1758 4094 1792 4162 in
1818 4094 1957 4165 tenebris
1982 4091 2070 4164 adeo

545 4195 631 4267 clare
652 4196 756 4264 nitent
774 4192 885 4288 (o)?
938 4193 996 4263 An
1017 4195 1154 4266 mutatio
1168 4215 1187 4263 a
1201 4193 1373 4285 putredine
1396 4195 1430 4264 in
1446 4192 1639 4285 corporibus
1663 4190 1845 4262 facultatem
1869 4188 2072 4261 imbibendae

544 4292 628 4444 lucgs
649 4293 789 4380 excitat,
814 4311 898 4386 qua,
922 4289 1097 4382 putredine
1119 4293 1275 4386 peralta,
1300 4291 1492 4363 exuuntur?
1522 4292 1558 4364 in
1582 4289 1700 4382 quibus
1723 4287 1865 4361 conssstit
1887 4287 1941 4360 illa
1963 4283 2071 4359 facul·

546 4411 594 4461 tas

598 4446 671 4558 ἰοῦ.
696 4486 769 4559 Cur
790 4484 878 4557 oculi
896 4486 1131 4559 nonnullorum
1148 4484 1357 4569 animalium,
1383 4479 1558 4558 &muscae
1583 4488 1684 4557 nullu
1707 4483 1854 4557 volantes
1878 4486 1912 4554 in
1932 4477 2074 4554 Germa·

544 4587 621 4671 nit,
645 4581 731 4659 &in
748 4582 858 4670 ltalia,
880 4579 970 4655 ut&
993 4584 1152 4658 scarabaei
1173 4580 1396 4680 magnitudine
1417 4582 1530 4696 apis(
1538 4582 1609 4683 b),
1633 4582 1689 4657 sed
1712 4585 1877 4680 praecipue
1900 4584 1936 4656 in
1960 4579 2072 4753 iuffie

622 4890 682 4972 (ι)
702 4890 822 5035 {qm
837 4890 888 4952 der
903 4890 1028 4995 &aveas
1049 4897 1140 4956 Tou.
1157 4908 1183 4956 Ι.
1205 4906 1271 4974 pag·
1289 4891 1359 4966 5801
1485 4989 1489 4996 Ι
1509 4993 1512 4997 Δ

623 4972 683 5051 (b)
740 4969 871 5042 litliolre
885 4969 923 5035 de
939 4971 1054 5040 raud.
1073 4975 1157 5059 Rop.
1175 4973 1233 5042 ao.
1252 4985 1339 5051 1150.
1355 4985 1425 5053 pag·
1441 4981 1493 5052 56,
