4992 6767
553 737 640 839 'tta
801 710 902 807 uu
957 702 1326 798 uturasn
1379 700 1835 797 uturonuut

496 965 499 972 -
611 937 648 1007 4.
673 909 801 987 Solutio
817 879 998 1005 'AEruginis
1026 904 1225 988 edundis,
1250 906 1291 976 ab
1317 901 1419 974 affuso
1444 866 1565 995 Spiritu
1588 903 1720 978 Vitrioli
1749 903 1786 976 fit
1807 904 1931 980 coloris
1952 927 2110 1006 expersz.

670 1011 838 1204 {elslffireissu
871 1007 951 1078 Salis
977 1006 1187 1079 Ammoniaci
1220 1004 1256 1075 fit
1278 1003 1433 1095 purpurei
1456 1001 1609 1092 coloris,
1642 1006 1683 1076 ab
1708 1004 1787 1077 oleo
1812 1003 1945 1081 Vitrioli
1969 1013 2109 1087 iterumr

615 1261 650 1334 5.
676 1237 807 1310 Solutio
838 1233 1006 1305 Gallorum
1028 1254 1103 1304 cunr
1127 1228 1270 1300 Vitriolo
1293 1228 1347 1300 dat
1370 1232 1526 1326 nigrum,
1558 1230 1599 1302 ab
1623 1227 1724 1302 affuso
1757 1230 1835 1303 oleo
1859 1234 1976 1307 uittioii
2001 1235 2105 1328 perit·

674 1335 829 1431 nigred0,
856 1333 1012 1403 redeunte
1038 1327 1172 1422 pristini
1198 1325 1430 1419 pelluciditate.

612 1534 742 1604 Omnes
763 1530 797 1598 hi
820 1525 951 1597 colores
975 1526 1085 1608 rubri,
1109 1523 1247 1608 virides,
1273 1522 1428 1608 coerulei,
1452 1525 1513 1613 qui·
1530 1524 1756 1615 producuntur
1779 1525 1888 1599 modis
1902 1526 2109 1618 descriptis„

564 1635 636 1704 sunt
658 1625 846 1719 preffiores,
872 1621 1082 1707 floridiores‚
1111 1642 1166 1691 aut
1189 1621 1389 1706 dilutiotes,
1422 1640 1484 1711 pro
1506 1623 1619 1715 majori
1641 1624 1800 1694 minorive
1828 1626 1924 1716 copia
1948 1623 2090 1716 adjedto·

566 1750 638 1801 rum
663 1724 806 1809 Salium,
831 1741 885 1794 aut
908 1719 1025 1792 horum
1046 1718 1207 1789 differenti
1233 1714 1371 1812 dote&
1396 1716 1592 1809 praestantia:
1618 1720 1695 1790 hinc
1717 1723 1813 1791 variae
1838 1721 1960 1813 species
1976 1723 2091 1794 rubro·

566 1847 668 1911 rum,
693 1822 869 1905 viridium,
905 1817 1122 1889 coetuleotum
1146 1816 1295 1887 colorum
1319 1814 1402 1887 effici
1424 1814 1581 1905 poiiunt:
1614 1817 1736 1908 pendet
1759 1838 1895 1912 quoque
1917 1821 2050 1892 varietas
2073 1839 2111 1887 a.

566 1922 700 2015 spiffiori
723 1919 775 1991 vei
793 1918 934 1988 dilutiori
960 1915 1119 1986 solutione
1143 1935 1353 2005 corporum,
1383 1914 1501 2004 quibus
1526 1914 1616 1984 Sales
1634 1912 1844 2005 adjiciunture
1888 1915 1991 1988 rrour
2014 1914 2095 1985 huc·

566 2040 672 2110 usque
697 2018 730 2085 irt
755 2017 819 2085 hoc
843 2014 984 2083 themate
1006 2014 1159 2103 perveni,
1184 2014 1304 2103 opinor
1323 2009 1390 2084 fere
1411 2007 1475 2080 effe
1497 2009 1702 2094 universale,
1732 2008 1939 2107 vegetabiiia.
1953 2012 2035 2083 flava
2059 2013 2113 2080 in.

565 2116 688 2206 Spiritu
713 2111 790 2182 Vini
816 2110 918 2183 soluta
943 2109 1019 2179 date
1045 2107 1216 2179 Tiniiuras
1239 2106 1364 2193 flavas,
1389 2128 1462 2197 quar
1485 2128 1575 2193 non,
1599 2126 1655 2177 aut
1678 2110 1730 2178 vix
1754 2129 1917 2180 mutantur
1943 2112 1983 2179 ab
2009 2110 2094 2176 Aci·

566 2212 639 2296 dis,
664 2208 846 2290 diruistis,
878 2206 939 2278 uel.
954 2206 1024 2276 aliis
1054 2205 1181 2273 Solibus
1204 2202 1354 2293 adjectis:
1388 2221 1529 2274 attamen
1550 2206 1605 2276 vix
1631 2203 1762 2290 dubito,
1787 2207 1865 2295 quin
1892 2202 2090 2292 excipienda

568 2306 718 2398 quaedam
743 2304 803 2374 fint
828 2322 983 2392 corpora:
1011 2298 1144 2390 quando
1164 2299 1206 2367 ad
1229 2300 1434 2392 pigmentum
1458 2297 1597 2386 flavum,
1623 2301 1744 2373 Orleart
1764 2321 1941 2387 uocatum,
1966 2297 2096 2368 Oleum

568 2402 689 2477 vitrioli
712 2399 886 2491 adjicitur,
921 2397 1016 2468 color
1046 2397 1149 2467 oritur
1171 2394 1385 2487 pulcerrimus
1408 2396 1572 2468 coeruleus
1586 2448 1609 2483 ,.
1631 2397 1686 2470 sed
1708 2396 1915 2469 destruendus
1937 2396 2046 2486 Aqua.
2063 2389 2120 2463 δι..
2163 2447 2167 2452 .

570 2500 645 2574 sale
670 2494 914 2589 quocunque(
953 2494 985 2587 ).

617 2593 765 2692 Quando
791 2615 867 2665 cum
892 2594 998 2690 Aqua!
1012 2588 1138 2660 acidula
1163 2588 1226 2660 dive
1250 2585 1421 2664 Virrioliea
1444 2586 1479 2659 dt
1499 2591 1769 2690 adstringentibus
1788 2583 1984 2685 corporibus
2001 2607 2121 2682 expe·-

570 2697 708 2769 rinenta
731 2693 921 2781 capiuntur,
947 2687 1112 2779 sequentia
1135 2686 1265 2760 fuerunt
1289 2686 1466 2759 observatu.

625 2810 674 2863 1⁰.
700 2789 800 2859 Parva
824 2788 921 2879 copia
946 2785 1170 2880 adstringentis
1195 2785 1344 2876 respediu-
1365 2784 1439 2856 ferri
1463 2788 1581 2858 excitat
1605 2786 1752 2859 colorem
1776 2788 1938 2882 nigrum..
2049 2783 2052 2791 '

621 2908 674 2960 ιο.
700 2884 812 2977 Major
837 2884 934 2975 copia
958 2882 1182 2976 adstringentis
1205 2880 1327 2972 adjeen
1351 2886 1468 2951 excitat
1492 2883 1638 2954 colorem
1662 2883 1853 2958 eoetuleunt.
1993 2939 1996 2944 .

624 2993 675 3077 3⁰.
700 2983 820 3052 Adhuc
845 2982 919 3069 plus
944 2982 1092 3066 corporis
1117 2978 1342 3067 adstringentis
1367 2976 1524 3066 adjeetum
1550 2977 1626 3051 facit
1650 2980 1798 3052 colorem
1823 2980 2037 3055 violaceum..

623 3099 676 3168 4⁰·
704 3076 828 3160 Multo,
842 3074 917 3164 plus
940 3071 1164 3164 adstringentis
1188 3068 1348 3161 adjediutn
1372 3072 1426 3142 dat
1450 3074 1596 3145 colorem
1621 3099 1821 3170 purpureum
1848 3079 1939 3175 (b).
2001 3115 2006 3121 ·

621 3172 707 3244 Haec
729 3170 879 3239 colorum
902 3165 1077 3257 produdiio
1104 3162 1138 3232 dt
1161 3169 1297 3235 mutatio
1322 3167 1340 3235 d
1363 3169 1448 3238 varii
1474 3174 1696 3265 magnitudine
1714 3176 1942 3263 particularum
1964 3179 1997 3249 in
2014 3176 2116 3249 solu·-

574 3274 665 3342 rione
690 3266 896 3348 natantium,
922 3281 1011 3333 nunc
1033 3259 1214 3351 majorum,
1241 3283 1328 3332 nunc
1351 3267 1514 3337 minorum
1539 3268 1684 3358 pendet:
1711 3269 1790 3340 sales
1814 3276 1902 3345 enim
1926 3276 2038 3346 diversr
2054 3274 2100 3346 al·

574 3364 670 3438 calirri
702 3381 757 3431 aut
787 3358 869 3429 acidi
880 3356 1123 3552 (se)paru‘eulis
1157 3359 1402 3456 pigmentorum
1429 3364 1636 3461 adjungunt,
1668 3386 1788 3457 easque
1809 3392 1897 3442 nunc
1918 3370 2120 3466 inspiiiant„

575 3482 664 3535 nunc
688 3475 854 3529 attenuant
961 3508 971 3527 .

624 3619 658 3721 §.
682 3615 1014 3694 MDCCCXLVI.
1039 3617 1122 3691 Sunt
1152 3640 1287 3712 quoque
1304 3617 1479 3702 ¹{nonnulle
1509 3625 1702 3714 eirene,
1737 3632 1853 3719 quibus
1877 3631 1971 3704 col'or
1997 3629 2119 3723 supers-

578 3720 656 3807 est,
688 3719 847 3810 quamdiu.
869 3717 926 3788 fub
951 3717 1007 3785 dio
1031 3715 1131 3784 libere
1157 3719 1198 3784 ab
1220 3721 1296 3789 a'e'te
1320 3719 1533 3807 iarnbunturt
1569 3727 1689 3815 quibus
1712 3727 1806 3797 color
1828 3729 2001 3812 evanidus,
2029 3730 2116 3799 adre-

579 3823 784 3903 intercepto:
805 3815 848 3879 ira
871 3826 1055 3896 comparata
1075 3808 1122 3874 est
1146 3807 1178 3876 T
1179 3813 1301 3879 indiura
1326 3816 1421 3883 rubra
1445 3838 1487 3885 err
1509 3818 1656 3888 Lichene
1680 3821 1867 3894 Canarienfi
1895 3826 2017 3915 (vulno
2041 3823 2117 3895 Or·-

580 3910 689 4001 seiile)
724 3928 798 3980 cum
832 3904 960 3995 Aqua,
995 3919 1050 3971 aut
1071 3901 1192 3992 Spiritu
1217 3902 1296 3974 Vini
1321 3908 1470 3996 aquoso,
1510 3909 1545 3981 dt
1575 3934 1652 3982 cum
1678 3915 1783 3986 Calce
1807 3941 1845 3988 rc
1868 3920 1952 3989 Sale·
1970 3879 2118 3991 drinoso·

581 4022 716 4102 parata:
749 4003 819 4075 haec
845 4003 933 4106 enirn
955 3991 1111 4070 Tindiura
1142 4000 1246 4071 uitreo
1275 4001 1375 4073 infusa
1396 4007 1508 4093 tubo,
1541 4010 1598 4099 qui
1624 4008 1799 4080 hermerico
1824 4013 2003 4098 clauditur,
2030 4014 2119 4105 posti

580 4122 704 4199 paucos
725 4100 794 4172 dies
818 4098 941 4171 coloris
959 4095 996 4167 fir
1018 4115 1157 4187 expers:
1181 4116 1298 4190 aperto
1321 4099 1426 4172 rursus
1449 4106 1551 4189 tubo,
1580 4125 1616 4176 ur
1637 4127 1740 4180 novus
1760 4108 1818 4180 aer
1838 4109 1993 4194 accedat,
2022 4112 2122 4183 redit·

580 4201 670 4278 idem
694 4197 812 4272 color:
844 4194 1025 4289 apteisura
1047 4193 1144 4266 Aeris
1176 4195 1324 4268 colorem
1346 4219 1415 4269 non
1439 4202 1582 4294 pendere
1602 4222 1731 4297 patet,‚
1751 4209 1836 4295 quia.
1853 4207 1951 4293 A'e‘r,
1977 4210 2037 4300 qui
2059 4206 2110 4281 est

576 4304 616 4398 jn
637 4298 795 4392 supremo
815 4296 905 4379 tubi,
931 4292 1090 4385 liquorem
1116 4314 1264 4386 premere
1287 4296 1458 4392 pergebat.

586 4386 1154 4586 mititididttiid‘
1181 4390 2112 4588 fiiiididtuiditu¹¹⁰di²i¹ttmii·

584 4573 591 4586 ,
1145 4539 1154 4559 ·
1347 4539 1350 4546 ·
1666 4522 1698 4572 m
1745 4522 1800 4573 ru
1833 4525 1852 4574 a
1899 4524 1937 4574 ut
1960 4523 1995 4573 ru
2052 4524 2124 4576 ere·

584 4592 757 4690 pendent,
781 4591 839 4687 qui
862 4585 1052 4664 Tindurrm
1075 4585 1201 4686 ingreffi
1221 4590 1279 4661 via.
1293 4588 1404 4683 patula
1425 4594 1575 4672 colorem
1596 4521 1811 4698 cJustodiunt,
1841 4601 2014 4697 intercepti
2037 4593 2127 4672 'sune

581 4877 605 4911 ··
648 4854 660 4905 -'
677 4854 716 4936 a)
740 4851 908 4918 L'Histoite
929 4853 966 4915 de
984 4851 1099 4915 l’lcadt
1119 4851 1200 4931 Royr
1225 4851 1263 4913 de
1282 4852 1384 4917 Berlin
1405 4855 1461 4925 Aa.
1475 4869 1580 4937 mne:

618 5095 640 5110 ,,
680 4933 1308 5129 tenerenturne
