4992 6767
513 674 597 779 478
708 666 817 757 DE
876 662 1232 754 FLUIDO
1292 668 1387 756 IN
1446 669 1841 761 GENERE.

517 863 864 957 parallelum-sormam
892 864 982 933 omni
1010 860 1119 934 fluido
1144 886 1225 955 non,
1240 863 1364 959 semper
1389 867 1445 938 sub
1461 865 1548 938 Asse
1573 867 1656 941 hanc
1682 868 1884 963 superficiem
1901 864 2038 941 induen-

519 983 571 1048 te;
597 963 696 1034 veluti
722 963 832 1034 videre
857 961 902 1030 est
927 964 960 1030 in
987 958 1158 1047 Flammis,
1181 962 1313 1054 Fumo,
1339 966 1518 1050 Anhelitu‚
1540 964 1655 1038 Nube.

570 1088 600 1190 ᾗ.
622 1090 852 1164 mccxxll.
877 1085 1061 1164 Humidum
1077 1114 1217 1181 vocant,
1245 1093 1335 1186 quod
1354 1096 1506 1167 Fluidum
1522 1097 1591 1181 est,
1617 1095 1671 1167 sed
1696 1097 1804 1195 digitis
1828 1097 1979 1167 artasium
2003 1091 2039 1165 ἂ

519 1188 666 1260 fricatum
692 1188 900 1261 sensationem
926 1192 1071 1260 humoris
1097 1212 1253 1281 praeterea
1278 1196 1432 1265 innubis
1456 1198 1596 1281 excitat;
1622 1195 1665 1263 ita
1689 1194 1735 1265 est
1755 1197 1869 1285 Aqua,
1896 1190 2039 1260 Vinum:
2072 1277 2075 1288 Ι

519 1284 664 1357 Humida
688 1310 765 1357 vero
791 1309 858 1357 non
884 1286 970 1373 sunt,
996 1283 1251 1373 Aetnaeum,
1278 1290 1388 1385 lgnis,
1414 1290 1626 1377 Mercurius,
1653 1290 1790 1363 Metalla
1816 1289 1927 1361 resusa.
1978 1286 2038 1357 Vi·

518 1385 613 1455 detur
628 1384 871 1480 hacdistinslio
897 1383 927 1479 s.
959 1408 1072 1469 1221,
1097 1408 1207 1457 .1222.
1236 1410 1303 1459 non
1325 1409 1452 1487 magnae
1467 1388 1630 1481 utilitatis,
1656 1392 1731 1481 quia
1747 1397 1789 1461 eri
1804 1410 1841 1460 ea
1863 1408 1932 1457 non
1953 1385 2039 1456 mul·

519 1502 588 1552 tum
613 1483 774 1574 patefiunt
799 1482 973 1554 fluidorum
1000 1487 1225 1575 proprietates.

568 1608 599 1706 q.
625 1610 865 1683 MCCXXlll.
894 1612 975 1683 Non
1000 1615 1098 1709 igitur
1123 1635 1223 1685 unum
1249 1616 1479 1708 corpusculum
1505 1617 1672 1689 constituit
1697 1616 1857 1700 liuidum,
1884 1617 1937 1688 sed
1962 1616 2037 1709 plu·

519 1712 601 1781 rium
627 1711 801 1779 colletlio:
827 1707 1011 1799 Quomodo
1036 1714 1122 1781 enlm
1149 1714 1275 1783 inuno
1301 1714 1405 1805 posset
1430 1718 1611 1809 cognosci,
1637 1717 1727 1805 quod
1752 1714 1901 1785 cedendo
1926 1737 2039 1786 move·
2137 1797 2142 1805 ,

520 1827 667 1879 turcum
684 1808 753 1877 aliis
769 1806 941 1891 facillime,
969 1808 1143 1880 seeundum
1160 1805 1191 1904 s.
1213 1831 1316 1882 1220.
1342 1811 1425 1883 Non
1440 1813 1598 1907 cll-igitur
1616 1812 1726 1883 ultima
1743 1811 1946 1884 elementatis
1961 1811 2037 1885 flui-

518 1904 644 1977 dt'sola
669 1903 826 1996 particula
852 1903 971 1995 fluida,
997 1927 1059 1978 nec
1083 1910 1178 1978 unica
1203 1909 1365 1980 molecula
1390 1931 1431 1979 ex
1455 1908 1623 1981 elementis
1648 1910 1840 2001 composita
1888 1969 1896 1976 ,.

557 2027 598 2127 s.
624 2028 865 2105 MCCXXlV.
892 2030 1077 2127 Quodlibet
1108 2034 1367 2125 corpusculum,
1404 2034 1496 2125 quod
1512 2056 1594 2125 pars
1620 2029 1709 2103 fluidi
1734 2028 1799 2115 est,
1837 2031 1883 2101 est
1908 2029 2046 2105 firmum·

517 2131 568 2199 rel
594 2130 727 2201 durum:
754 2130 816 2200 sive
842 2131 967 2201 conllat
991 2153 1032 2202 ex
1057 2133 1202 2223 partibus
1226 2133 1311 2203 adeo
1336 2132 1651 2224 cohaerescentibus,
1685 2149 1812 2201 utnon
1838 2130 2041 2206 secernantur

519 2226 634 2297 eadem
659 2231 710 2311 vi,
745 2250 808 2319 qua
843 2247 947 2300 totum
973 2228 1206 2319 corpusculum
1233 2250 1392 2301 movetur.
1448 2228 1527 2301 ¹Nili
1553 2251 1591 2302 ea
1615 2228 1748 2298 durities
1774 2230 1911 2317 partium
1937 2228 2042 2314 soret,

414 2362 416 2364 ·
517 2327 666 2396 omnium
690 2324 864 2396 fluidorum
890 2327 1085 2419 corpuscula
1112 2327 1132 2401 l
1159 2329 1297 2398 minimo
1331 2349 1424 2399 motu
1450 2328 1724 2415 secernerentur,
1754 2322 1975 2420 frangerentur
2007 2329 2042 2398 in

517 2420 702 2505 elementa,
730 2422 844 2492 fierent
860 2426 1012 2510 minima,
1038 2445 1100 2496 nec
1117 2446 1185 2516 prae
1202 2423 1374 2496 subtilitate
1393 2425 1464 2497 trllit
1481 2424 1737 2514 Mrcroscopiis,
1763 2423 1863 2493 videri
1889 2421 2041 2513 pollent,

512 2538 559 2589 ex
584 2519 766 2610 conspicuis
792 2520 908 2593 lierent
932 2522 1110 2594 invisbilia.
1161 2519 1373 2613 Experientiu
1396 2542 1504 2594 nutem
1522 2520 1682 2604 conllat,
1721 2519 1898 2591 multorum
1924 2518 2042 2591 fluido·

515 2638 588 2687 rum
614 2637 720 2707 partes
744 2616 807 2689 else
831 2620 962 2716 insignis
988 2619 1238 2717 magnitudinis,
1265 2619 1495 2711 Microscopio
1510 2618 1605 2689 facile
1621 2616 1835 2709 conspicuas:
1861 2620 1930 2688 imo
1957 2616 2040 2709 ejus·

503 2713 610 2786 'modi
633 2716 798 2799 videmus,
824 2739 898 2807 quae
924 2718 1043 2788 etiamsi
1069 2739 1109 2788 ex
1134 2716 1282 2807 plurimis
1307 2717 1488 2786 minoribus
1512 2714 1682 2795 constent,
1710 2710 1744 2777 bt
1770 2713 1872 2782 fluant
1896 2734 2041 2785 currant·

517 2809 607 2901 que,
633 2833 694 2901 per
718 2811 844 2882 canales
871 2813 932 2884 five
957 2814 1107 2903 amplos,
1134 2814 1197 2878 five
1222 2812 1396 2900 angustos,
1429 2803 1640 2875 nihilominus
1667 2803 1788 2874 molem
1814 2804 1907 2875 firme
1932 2809 2042 2879 cohae·
2080 2885 2083 2890 ,

517 2927 667 2990 rentem,
693 2931 762 2975 non
785 2909 938 2986 fractam,
965 2910 1098 2974 servant.
1148 2901 1231 2971 Non
1245 2904 1460 2993 cognoscitur
1475 2901 1645 2989 hucusque
1662 2896 1821 2980 fluidum,
1847 2900 2042 2994 cujusquae·

516 3003 599 3072 liber
623 2999 823 3069 constituens
849 3020 922 3086 pars
947 2998 1072 3067 constat
1097 3017 1137 3065 ex
1162 2996 1327 3086 particulis
1346 2996 1431 3066 adeo
1453 2993 1524 3065 laxe
1548 2993 1862 3085 cohaeresceutibus,
1884 3020 1926 3069 ut
1950 3002 2040 3074 nulla

441 3097 443 3102 ’
509 3098 548 3180 ui
574 3093 735 3166 solvendae
760 3092 879 3177 essent,
902 3094 981 3167 licet
1006 3091 1157 3183 nonnulli
1176 3090 1312 3194 limditi
1338 3090 1380 3161 lic
1401 3090 1505 3163 fluida
1530 3089 1692 3162 finxerint.

568 3236 600 3330 s.
627 3233 853 3308 MCCXXV.
880 3234 1008 3305 ldeirco
1032 3234 1114 3306 illud
1139 3234 1373 3325 corpusculum
1398 3234 1546 3324 firmum,
1582 3254 1749 3328 utcunque
1773 3256 1938 3328 parvum,
1970 3263 2039 3317 non

516 3334 659 3408 differta
675 3330 839 3425 particulis
866 3331 1065 3421 reliquorum
1090 3353 1288 3425 corporum:
1314 3335 1411 3425 eique
1426 3352 1520 3404 moto
1536 3332 1587 3404 vel
1612 3335 1793 3425 quiescenti
1817 3337 1948 3409 inerunt
1967 3361 2040 3412 om-

520 3455 579 3505 nes
604 3434 708 3518 vires,
731 3432 876 3500 actiones
901 3425 935 3497 ἃ
960 3429 1119 3520 passiones
1144 3451 1322 3521 corporum
1348 3430 1522 3524 majorum:
1547 3431 1631 3502 adeo
1660 3452 1694 3502 ιιι
1717 3434 1849 3518 omnia,
1876 3457 1950 3527 quae
1976 3457 2040 3509 tra·

520 3529 663 3603 didimus
688 3532 721 3598 in
742 3527 900 3617 superiori
917 3526 1062 3600 doslrlna
1077 3527 1118 3598 de
1145 3525 1331 3613 Gravitate,
1358 3528 1482 3616 llslotu,
1509 3528 1708 3620 Viribusque
1728 3551 1905 3620 corporum
1932 3555 2042 3607 moto·

522 3649 614 3713 rum,
640 3625 915 3790 Percutslsenrlum
941 3622 1032 3698 &de
1052 3626 1171 3699 luertia
1193 3648 1231 3697 ac
1245 3624 1467 3717 Refistentiis,
1493 3626 1538 3700 illi
1558 3626 1758 3721 corpusculo
1780 3631 1978 3703 conveniant
2000 3629 2039 3707 δι
2133 3715 2136 3720 ,

521 3726 678 3818 applicari
703 3745 748 3814 po
772 3742 831 3792 mr.
876 3773 883 3784 .
961 3749 964 3756 ¹
1720 3773 1724 3780 -

574 3854 606 3953 ᾗ.
632 3851 875 3924 MCCXXVl.
910 3850 959 3924 Ur
983 3851 1079 3925 massa
1100 3854 1141 3925 lit
1166 3851 1294 3935 fluida,
1327 3874 1398 3926 non
1416 3853 1549 3925 necesse
1573 3853 1619 3923 est
1644 3874 1680 3925 ut
1704 3851 1825 3954 lingula
1849 3864 2043 3953 corpuscula
2129 3853 2132 3858 ’
2169 3948 2175 3955 ,

525 3955 587 4027 fiut
609 3952 800 4035 elementa,
833 3950 887 4021 sed
912 3949 1042 4042 possunt
1066 3951 1130 4022 esse
1161 3949 1328 4040 particulae
1353 3953 1512 4022 variorum
1538 3951 1689 4022 ordinum
1714 3951 1746 4049 §.
1770 3955 1829 4043 98.
1855 3968 1957 4031 modo
1982 3962 2045 4034 lint

525 4053 611 4125 adeo
636 4051 762 4218 exiguae
780 4045 982 4133 &minutae,
1014 4068 1050 4119 ut
1074 4047 1228 4140 quaelibet
1253 4046 1382 4119 nostros
1401 4047 1533 4134 sensus,
1558 4071 1626 4119 non
1644 4049 1801 4122 invocatis
1823 4055 1970 4144 auxiliis,
1986 4058 2044 4131 tes·
2123 4095 2126 4100 ·

524 4150 668 4245 figant:
732 4169 873 4239 uuquam
889 4149 975 4217 eni-m
994 4150 1181 4240 congeriem
1207 4143 1400 4217 sensibilium
1425 4150 1564 4237 partium
1587 4146 1740 4217 Fluidum
1766 4169 1940 4239 vocamus,
1961 4156 2044 4228 licet

523 4248 656 4339 teliquae
682 4248 894 4338 proprietates
918 4263 1035 4313 acervo
1058 4243 1163 4314 insint.
1212 4240 1440 4316 ldeofarimtm
1457 4262 1622 4335 utcunque
1639 4263 1793 4339 tenuem,
1819 4266 1888 4317 tum
1913 4254 2042 4324 llurum

429 4381 432 4386 ·
524 4344 713 4430 Musaeum,
738 4341 887 4431 Gypsum
912 4341 1161 4427 commolitum,
1186 4342 1276 4431 quod
1301 4343 1336 4410 in
1359 4339 1460 4413 ferrea
1476 4341 1541 4412 olla
1556 4341 1729 4426 ustulatur,
1756 4342 2044 4437 appellamus'pul-

526 4463 655 4526 vercm,
680 4461 748 4511 non
773 4438 939 4514 Fluidum,
981 4436 1068 4537 ‘Quo
1093 4460 1136 4509 ex
1161 4436 1332 4509 ordinibus
1357 4439 1527 4509 altioribus
1552 4438 1641 4509 lluidi
1665 4459 1773 4528 partes
1797 4440 1857 4510 srnt
1880 4444 2043 4535 compos·

527 4560 589 4622 te,
615 4541 675 4608 erit
700 4537 734 4607 id
759 4557 801 4608 eo
825 4534 968 4607 crassius:
995 4534 1231 4629 quolluidum
1252 4557 1299 4607 eu
1323 4537 1488 4626 particulis
1511 4534 1718 4619 eonstiterit,
1751 4539 1886 4628 propius
1911 4539 1952 4612 ad
1976 4540 2044 4613 ele·

526 4656 636 4708 menta
661 4633 923 4718 accedentibus,
955 4637 1016 4706 erit
1040 4633 1196 4705 subtilius.
1245 4631 1359 4706 Docet
1382 4636 1580 4726 experientia
1603 4633 1638 4703 id
1662 4633 1808 4704 obtinere
1832 4638 1865 4706 in
1891 4635 2044 4727 Natura,

525 4755 602 4804 curn
627 4732 726 4803 multa
752 4733 812 4803 smt
836 4730 933 4803 fluida
958 4730 1089 4803 diversae
1113 4730 1344 4815 crassitudinis,
1369 4732 1467 4802 veluti
1492 4735 1525 4803 in
1552 4730 1680 4821 Chylo,
1706 4729 1830 4816 Labe,
1855 4733 2041 4833 Sanguine,

526 4831 628 4912 Sero,
653 4828 825 4921 Lympha,
850 4830 968 4921 Aqua,
994 4829 1108 4915 Oleis,
1134 4829 1374 4924 spiritibusque
1390 4828 1548 4902 stillatitiis
1561 4848 1651 4924 patet
1665 4826 1970 4925 Microscopiorum
1985 4836 2043 4905 be·

527 4927 668 5016 aeneio,
695 4948 765 5000 tum
789 4925 858 5000 aliis
883 4928 1096 5003 euuninibuu.

1724 5027 1758 5121 ς.
1784 5023 2043 5128 mccxxvn,
