4992 6767
515 648 643 793 ἰμ-
1000 664 1135 809 ¹),ss
1288 649 1665 755 IGNE?

550 869 651 968 jaquii
675 851 775 966 siigus
790 851 850 940 ‘hic
872 863 1012 941 offendit
1031 864 1115 937 adeo
1136 882 1228 949 acre,
1253 882 1292 934 ut
1316 858 1509 934 crassissimas
1531 859 1645 933 induat
1666 856 1794 935 vestes:
1829 863 1925 940 Prior
1950 869 2084 960 nquam

555 967 703 1044 fluminis
723 968 887 1059 experitur
911 962 996 1036 adeo
1018 962 1205 1051 calentem,
1229 978 1267 1031 ut
1283 980 1355 1032 eam
1378 956 1577 1056 ingrediatur
1601 978 1753 1048 tanquam
1778 964 1812 1033 in
1840 963 2016 1037 balneum:
2037 964 2087 1035 al·

556 1066 616 1138 teri
631 1064 704 1136 hec
727 1084 812 1154 aqua
830 1063 918 1137 adeo
938 1059 1054 1157 friget,
1078 1080 1115 1130 ut
1139 1079 1271 1129 manum
1291 1058 1466 1129 immittere
1487 1077 1556 1129 non
1572 1056 1668 1127 ausit:
1694 1051 1764 1150 Qui
1784 1058 1896 1131 eadem
1910 1066 1986 1133 anni
2002 1082 2088 1133 tem·

555 1158 679 1254 pellate
700 1180 743 1231 ex
772 1162 939 1234 montibus
960 1156 1002 1229 ad
1029 1154 1203 1250 Guajaquil
1224 1152 1469 1246 proficistitur,
1500 1148 1537 1225 &
1560 1173 1601 1224 ex
1622 1150 1796 1246 Guajaquil
1819 1157 1900 1228 redit
1919 1160 1961 1228 ad
1986 1180 2088 1229 mon·

301 1237 305 1244 ·
416 1258 419 1263 »
519 1265 521 1272 s
554 1276 634 1343 tes,
670 1256 786 1330 “dem
815 1260 979 1349 experitur
1001 1254 1216 1345 phaenomena
1248 1251 1348 1346 (1),
1399 1246 1569 1345 Quoniam
1596 1252 1686 1320 nervi
1708 1252 1741 1319 in
1771 1251 1907 1347 Organo
1935 1254 2087 1328 humano

554 1352 700 1440 Tamus,
725 1375 793 1426 non
818 1354 889 1428 sunt
909 1350 1036 1425 infinite
1065 1350 1188 1432 teneri,
1214 1347 1305 1420 asseri
1328 1349 1442 1439 nequit
1465 1345 1557 1418 alteri
1580 1348 1713 1436 corpori
1742 1348 1823 1419 nihil
1847 1350 1930 1444 ignis
1962 1351 2088 1438 inesse,

556 1454 703 1543 quamvis
723 1472 791 1523 non
812 1450 1029 1544 percipiatur:
1055 1446 1143 1519 Nam
1166 1445 1284 1538 procul
1309 1445 1412 1517 dubio
1438 1444 1616 1531 omnibus,
1650 1465 1723 1534 quae
1745 1446 1764 1515 a
1789 1446 1885 1518 nobis
1910 1450 2087 1519 tradantur

557 1548 776 1641 corporibus,
801 1547 926 1640 semper
949 1543 1073 1638 aliquid
1096 1546 1105 1614 i
1153 1546 1178 1614 is
1200 1543 1293 1616 inest.

611 1645 685 1717 180.
710 1644 808 1737 Quid
829 1644 877 1717 est
899 1642 991 1718 calor
1011 1646 1046 1715 io
1069 1662 1114 1713 no
1138 1641 1187 1712 isi
1213 1639 1341 1738 Mentis
1361 1642 1531 1735 perceptio
1554 1638 1701 1711 suscitata
1718 1638 1897 1732 aquodam
1920 1660 2012 1713 motu
2034 1641 2087 1738 ig·

560 1741 612 1814 nis
638 1744 672 1814 in
697 1745 803 1814 nervis
828 1742 942 1837 organi
966 1738 1099 1811 Tadius.

611 1858 684 1931 ¹9⁰·
709 1835 795 1934 Quis
816 1838 863 1909 eil
884 1830 975 1909 calor
990 1838 1168 1919 maximus,
1193 1837 1226 1907 in
1240 1856 1309 1927 quo
1322 1835 1473 1907 homines
1491 1835 1598 1907 rivere
1615 1831 1769 1925 possunt?
1794 1834 1921 1906 deliniri
1943 1833 2008 1905 boc
2022 1855 2083 1907 ne-

557 1938 647 2028 quit:
673 1939 731 2029 qui
755 1938 843 2006 enim
866 1935 994 2004 educati
1016 1931 1089 2003 sunt
1111 1934 1143 2002 in
1164 1933 1351 2027 regionibus
1366 1931 1498 2016 calidis,
1522 1951 1577 2002 aut
1599 1930 1739 2021 opificiis
1756 1931 1866 2003 assueti
1890 1953 1966 2004 cum
1991 1952 2083 2029 meg·

557 2053 604 2103 no
625 2032 734 2104 calore
755 2031 899 2123 juntlis,
929 2028 1029 2101 veluti
1058 2030 1114 2119 qui
1144 2026 1240 2100 funos
1261 2028 1421 2123 picandos
1447 2028 1589 2111 secant,
1614 2047 1669 2098 aut
1694 2027 1854 2107 saccatum
1879 2028 2085 2116 conisorme,

557 2125 662 2200 multo
678 2127 955 2200 vehementiorem
971 2123 1113 2197 calorem
1134 2122 1218 2196 serre
1241 2124 1392 2215 possunt,
1417 2146 1514 2218 quam
1541 2124 1669 2196 educati
1692 2128 1726 2197 in
1746 2124 1861 2221 frigida
1888 2121 2081 2221 regione&

556 2222 668 2319 frigori
684 2222 948 2295 assuetisll‘lilites
963 2221 1144 2292 Brabantiae
1158 2225 1193 2292 in
1209 2222 1313 2294 castro
1328 2221 1485 2318 degentes
1501 2222 1602 2293 Anno
1622 2222 1725 2313 1748.
1742 2221 1826 2295 ferre
1839 2221 1983 2293 calorem
1998 2244 2079 2294 sta.

556 2320 716 2485 Sardoum
732 2323 786 2391 vix
794 2320 918 2410 aisque
933 2319 1031 2389 animi
1049 2315 1213 2406 deliquio,
1223 2317 1332 2388 saltem
1348 2321 1513 2414 egerrime
1522 2338 1717 2408 potuerunt,
1727 2317 1807 2390 reste
1824 2317 1918 2390 Nob.
1934 2314 2079 2416 P‘ringle.

591 2437 684 2488 erum
709 2414 849 2511 Nigritae
867 2417 981 2487 vivunt
1004 2414 1127 2503 absque
1146 2412 1360 2485 incommodo
1382 2416 1415 2485 in
1437 2412 1619 2511 Nigritania
1641 2418 1676 2486 in
1698 2414 1807 2486 calore
1827 2414 1907 2488 aad
1922 2415 2080 2512 graduum

558 2515 615 2604 qui
635 2532 743 2584 autem
768 2516 803 2584 in
830 2512 951 2608 Belgio
973 2510 1129 2582 saederato
1151 2510 1294 2582 calorem
1316 2509 1410 2582 sentit
1434 2511 1494 2601 96.
1518 2509 1704 2608 graduum,
1738 2511 1806 2582 sere
1829 2510 2018 2585 suffocamur
2042 2510 2080 2586 dt

557 2611 673 2682 dubito
696 2633 738 2682 an
762 2608 977 2703 Esquimavus
1001 2628 1043 2677 ex
1065 2607 1216 2678 Amerina
1240 2606 1503 2699 Septemtrionali
1532 2611 1567 2678 in
1594 2606 1809 2705 Nigritaniam
1833 2608 1985 2696 delatus,
2010 2631 2079 2683 non

556 2707 724 2797 externplo
748 2709 789 2778 ab
807 2705 937 2777 insolito
958 2703 1035 2775 aestu
1060 2700 1279 2774 suffocaretur.
1336 2703 1439 2774 Simili
1460 2701 1564 2775 modo
1592 2704 1682 2776 asseri
1706 2707 1846 2797 nequit,
1878 2708 2006 2801 inquo
2025 2706 2081 2780 fri·

557 2823 640 2896 gore
661 2805 769 2874 vivere
792 2800 898 2873 adbuc
922 2800 1041 2892 possint
1062 2798 1231 2884 homines,
1258 2821 1336 2872 cum
1358 2802 1415 2892 qui
1437 2798 1509 2871 sunt
1532 2803 1567 2872 in
1594 2803 1781 2897 regionibus
1809 2802 1933 2898 frigidis
1959 2804 2081 2875 edoce·

558 2898 603 2982 ti,
628 2917 727 2989 atque
755 2898 851 2970 Astis
881 2892 1060 2989 injuriis&
1087 2895 1163 2991 gelu
1184 2895 1317 2981 assueti,
1350 2918 1425 2966 acre
1456 2893 1654 2968 &adurens
1685 2898 1786 2995 frigus
1815 2897 1896 2970 serre
1920 2897 2077 2989 possunt,

555 2992 606 3161 :lati
619 2992 828 3108 Esquimavi,
853 2992 1034 3087 Samojedae
1049 2988 1116 3063 &c
1133 2995 1166 3063 in
1184 3013 1253 3083 quo
1270 2991 1392 3089 frigore
1406 2995 1541 3088 nigrita,
1567 2994 1670 3065 modo
1693 3016 1735 3067 ex
1752 2994 1862 3067 Assios
1883 2995 2082 3084 wentam,

581 3112 634 3165 sco
658 3110 903 3162 exanimaretur.

606 3198 681 3261 20⁰.
707 3186 780 3257 Cur
803 3207 943 3276 corpora
966 3188 1090 3281 ignita,
1113 3206 1187 3277 qnae
1210 3184 1384 3281 alligantur
1406 3183 1458 3257 vel
1482 3186 1698 3276 imponuntur
1720 3183 1915 3281 corporibus
1936 3188 2080 3287 frigidis,

558 3284 688 3368 solidis,
712 3285 929 3378 magnisque,
953 3285 1184 3377 extinguuntur
1204 3303 1273 3353 non
1296 3286 1425 3372 penitus
1446 3282 1641 3374 consumpto
1663 3286 1816 3376 pabulo?
1850 3287 1873 3357 sr
1900 3306 2008 3361 autern
2027 3309 2080 3361 ea·

559 3385 637 3456 dem
660 3383 867 3472 imponantur
888 3379 1083 3470 corporibus
1106 3382 1183 3449 raris
1205 3374 1241 3451 dt
1259 3380 1404 3473 exiguis,
1426 3383 1555 3470 penitus
1573 3379 1826 3456 consumuntur?
1851 3386 1906 3455 An
1929 3404 1997 3456 non
2014 3389 2081 3477 pri-

558 3499 649 3551 mum
677 3478 866 3571 contingit,
901 3477 976 3567 qnia
998 3477 1031 3544 in
1054 3477 1208 3546 contadiu
1227 3474 1419 3572 frigidorum
1443 3471 1478 3547 dt
1505 3477 1659 3549 durorum
1684 3482 1767 3574 ignis
1803 3501 1871 3551 non
1897 3481 1967 3551 statis
1996 3501 2076 3554 con·

558 3593 670 3646 curere
685 3569 719 3644 dt
734 3590 898 3645 attenuare
916 3591 1023 3663 partes
1043 3573 1174 3663 pabuli,
1190 3573 1314 3663 ¹quibus
1334 3573 1436 3657 inest,
1460 3572 1587 3665 potest,
1612 3593 1647 3646 ut
1670 3578 1704 3647 in
1728 3575 1818 3647 suum
1844 3579 2075 3651 nutrimentum

557 3672 700 3759 cedant,
734 3690 826 3742 motu
850 3691 958 3740 earum
983 3690 1001 3739 a
1028 3670 1171 3761 partibus
1196 3670 1325 3740 alterius
1351 3668 1444 3742 solidi
1468 3670 1545 3743 ilico
1568 3671 1746 3757 suffocato,
1775 3673 1828 3747 rel
1850 3676 1947 3750 nimis
1971 3679 2077 3750 minu·

562 3790 619 3855 to,
644 3767 736 3860 quod
763 3788 832 3837 non
860 3768 987 3835 obtinet
1014 3766 1146 3834 ardente
1170 3786 1312 3853 corpore
1334 3766 1424 3834 alteri
1449 3770 1561 3837 rariori
1586 3770 1750 3858 impolito.

613 3884 689 3938 ειν.
713 3863 767 3934 rin
790 3864 873 3956 ignis
890 3859 937 3930 est
962 3881 1082 3951 corpus
1102 3858 1239 3928 fluidum
1264 3858 1311 3927 sui
1334 3861 1495 3950 generisi
1527 3882 1568 3931 an
1590 3884 1669 3933 uero
1691 3866 1782 3946 alia,
1812 3872 1859 3937 nti
1883 3870 2016 3941 acidum
2042 3866 2078 3941 ds

563 3983 647 4034 terra
667 3956 925 4043 inflammabilis,
949 3959 984 4027 io
1009 3959 1118 4052 ignem
1140 3974 1273 4045 quoque
1289 3970 1541 4040 convertuntur,
1562 3975 1738 4028 autmerus
1755 3961 1825 4032 sunt
1838 3965 1946 4055 ignis?
1970 3968 2077 4035 incer·

562 4080 632 4132 tum
656 4062 826 4145 hucusque
850 4050 915 4125 est:
938 4051 1111 4125 Videretur
1130 4050 1222 4146 Ignis
1245 4049 1310 4121 else
1335 4069 1454 4142 corpus
1478 4050 1525 4122 sui
1550 4054 1688 4148 generis.
1742 4074 1789 4125 ιο.
1822 4054 1912 4152 Quia
1931 4056 1999 4127 sere
2025 4062 2076 4130 ni·

557 4157 605 4228 bil
627 4168 721 4243 aeque
746 4151 859 4223 subtile
883 4153 1143 4248 cognoscimus:
1181 4143 1217 4220 dt
1246 4147 1323 4219 ideo
1356 4149 1513 4220 tenuitate
1541 4148 1678 4220 multum
1712 4149 1858 4243 superare
1888 4153 2016 4226 acidum
2043 4153 2080 4229 dt

560 4271 678 4325 terram
702 4248 966 4319 inflammabilem
988 4246 1125 4317 uidetur.
1176 4250 1229 4317 2⁰.
1255 4245 1299 4316 Se
1321 4265 1380 4336 per
1403 4247 1514 4316 omnia
1546 4257 1621 4318 non·
1645 4247 1823 4321 admodum
1846 4253 1979 4348 grandia
2004 4276 2079 4325 cor·

559 4371 644 4443 pora
665 4349 698 4415 in
723 4344 890 4436 superficie
912 4343 1047 4429 Terrae,
1070 4347 1168 4433 eique
1191 4345 1297 4415 vicina
1322 4341 1418 4433 spatia
1445 4342 1602 4415 distribuit
1624 4345 1834 4435 aequabiliter.
1895 4370 1944 4441 3⁴.
1971 4348 2080 4425 Nullo

561 4440 944 4613 {iiiii-‘issimi
963 4441 1374 4613 summissis
1392 4440 1738 4629 {immissis
1756 4447 1841 4640 ab
1855 4450 2082 4617 ‘iilissil

565 4640 660 4731 quit:
692 4636 822 4709 flamma
840 4656 949 4708 autern
971 4634 1144 4708 Alcoholis
1171 4635 1291 4709 iacens
1303 4586 1400 4709 ’clare
1430 4639 1595 4729 cernitur,
1630 4632 1826 4739 &exiguos
1848 4596 1991 4739 r’espedu
2015 4641 2082 4738 soci

641 4940 700 5028 (ι)
720 4942 843 5022 voyage
863 4957 901 5009 an
918 4940 1015 5008 enon
1035 4940 1102 5007 Lis.
1122 4941 1161 5008 Υ.
1183 4938 1240 5007 cb.
1263 4953 1292 5011 1·
1314 4957 1380 5025 pag.
1402 4946 1470 5009 tls.
1574 5016 1577 5022 ,
