4992 6767
408 627 425 697 ··
551 671 682 770 ,44-
835 632 1788 737 oascntrrroocunn

551 848 631 926 inde
660 841 831 940 penicillus
855 840 1057 914 humedatus
1079 836 1237 910 solutione
1267 835 1379 907 Stanni
1403 833 1495 927 supra
1518 832 1625 909 literas
1646 836 1813 924 ducatur,
1846 857 1921 931 quae
1944 844 2108 922 evadens·

582 971 618 1020 ur
644 968 740 1017 ureae.

556 971 578 1043 p
607 970 658 1137 ἐκ
684 1044 814 1116 Aurum
838 1023 874 1109 in¹
895 1038 992 1128 Aqua
1016 1037 1104 1131 regia
1124 1032 1264 1106 solutum
1288 1029 1428 1101 diluatur
1448 1031 1564 1122 Aqua,
1590 1055 1730 1124 quacum
1757 1034 1929 1111 scribantur
1952 1042 2085 1130 literae,

557 1164 631 1234 quae
657 1142 736 1212 Airi
761 1155 984 1229 exponantur,
1009 1134 1087 1202 duan
1120 1131 1297 1212 siccantur,
1320 1132 1459 1219 primurn
1486 1127 1677 1221 flavescunt,
1703 1132 1821 1205 deinde
1841 1142 2101 1229 purpurascunt.

554 1243 635 1314 Auri
661 1238 805 1328 partibus
830 1235 965 1325 propius
990 1229 1031 1298 ad
1056 1229 1088 1297 se
1111 1224 1354 1297 accedentibus.

603 1355 655 1427 4⁰.
683 1332 810 1405 Solutio
835 1333 966 1399 minerae
988 1326 1106 1408 Zinci,
1132 1322 1293 1392 Bismuthi
1313 1371 1324 1406 ,
1348 1323 1399 1394 vel
1423 1322 1557 1395 Cobalti
1578 1326 1611 1395 in
1636 1327 1734 1418 Aqua
1765 1327 1841 1399 sorti
1867 1329 2007 1405 diluatur
2032 1336 2086 1410 A*

554 1456 640 1526 qua,
666 1430 785 1502 deinde
806 1425 995 1496 miliacum
1020 1418 1093 1491 Sale
1120 1421 1246 1490 marino
1271 1415 1306 1491 dt
1331 1421 1485 1510 depurata
1508 1421 1564 1491 dat
1584 1420 1769 1513 liquorem,
1795 1448 1863 1518 quo
1887 1433 2084 1506 exaratoris:

555 1552 630 1602 tcrae
656 1530 728 1598 sunt
753 1520 992 1613 inconspicua,
1017 1517 1172 1609 quamdiu
1195 1515 1333 1612 frigent,
1358 1516 1469 1588 calidae
1495 1516 1565 1587 sunt
1591 1522 1752 1595 coeruleae.

603 1654 635 1751 h.
661 1644 984 1724 MDCCCXLIX.
1018 1641 1174 1733 Corpora
1200 1643 1296 1712 etiarn
1329 1642 1473 1712 colorata
1499 1641 1583 1714 fiunt
1609 1642 1644 1714 u
1669 1646 1726 1718 sub
1747 1649 1955 1725 diversissimis
1979 1678 2083 1751 appa·

553 1774 626 1826 rent
652 1749 851 1838 coloribus,
886 1743 1018 1835 quando
1051 1761 1164 1810 eorum
1190 1758 1297 1830 partes
1322 1741 1491 1809 interiores
1516 1737 1550 1810 dt
1575 1746 1751 1816 exteriores
1774 1749 1872 1819 alium
1905 1755 2082 1844 acquirunt

552 1852 666 1943 litum,
692 1846 1008 1923 conformationem,
1032 1837 1243 1921 deustatem,
1268 1835 1418 1930 liguram:
1445 1836 1482 1905 sit
1506 1840 1592 1908 enim
1621 1840 1752 1929 chalybs
1775 1844 1968 1934 induratus,
1993 1852 2082 1941 poli·

553 1968 633 2033 tus,
657 1947 745 2015 albet
763 1941 996 2032 splendetque,
1018 1935 1127 2005 denuo
1147 1935 1367 2003 committatur
1391 1935 1477 2029 igni,
1502 1938 1558 2024 qui
1580 1936 1736 2028 gradatim
1758 1962 1938 2036 augeatur,
1962 1951 2080 2020 amittit

551 2043 755 2125 albedinem,
776 2040 889 2127 incipit
915 2032 1100 2114 flavescere,
1126 2029 1294 2111 haerescit,
1327 2033 1441 2119 incipit
1464 2029 1699 2119 coerulescere,
1732 2037 2078 2124 intensecoeruiescit,

551 2140 674 2211 coloris
702 2137 830 2207 tandem
861 2133 898 2201 stt
918 2131 1035 2219 aquei:
1070 2147 1177 2217 partes
1210 2124 1367 2212 Chalybls
1397 2124 1580 2216 hujusmodi
1606 2150 1647 2198 ex
1675 2132 1809 2221 pristino
1841 2135 1900 2206 fitu
1925 2142 2079 2213 recedere

549 2255 659 2327 patet,
684 2237 759 2324 quia
786 2227 1023 2310 emolliuntur,
1050 2220 1084 2295 dt
1110 2240 1178 2292 tota
1201 2220 1297 2290 massa
1317 2223 1497 2293 intumescit
1522 2224 1661 2297 evadens
1692 2231 1825 2303 minoris
1856 2232 2016 2308 densitatis
2041 2235 2077 2314 dr

548 2333 711 2429 gravitatis
735 2326 905 2421 specifica.

599 2455 632 2553 ς.
667 2450 894 2527 MDCCCL.
927 2449 992 2521 Sed
1018 2447 1137 2520 coloris
1169 2449 1266 2519 etiarn
1301 2449 1402 2519 oritur
1424 2451 1584 2536 varietas,
1628 2455 1763 2543 qnando
1792 2459 1864 2547 pori
1899 2482 2073 2554 corporum

549 2556 615 2628 alio
642 2573 782 2645 corpore
816 2548 1014 2640 implentur:
1049 2544 1147 2617 veluti
1174 2567 1250 2616 cunr
1282 2543 1407 2638 lignum
1440 2549 1548 2635 primo
1578 2550 1751 2621 inebriatur
1784 2555 1922 2642 quadam
1957 2563 2072 2633 tinibu-

548 2675 610 2745 τα,
646 2648 829 2723 &deinde
857 2647 1002 2736 operitur
1030 2642 1091 2712 alia
1115 2645 1280 2726 tinclura,
1317 2641 1429 2732 posteo
1462 2642 1643 2734 superficies
1679 2649 1825 2720 colorem
1854 2658 1986 2741 penitus
2016 2657 2077 2729 dih

550 2769 738 2843 crepantem
759 2769 778 2816 a
801 2744 969 2815 coloribus
1000 2742 1207 2810 tindlutarom
1236 2736 1365 2830 reddit:
1393 2738 1546 2811 coloratae
1570 2744 1656 2813 enim
1683 2750 1807 2833 priores
1827 2769 1935 2838 partes
1956 2753 2075 2844 junsiae

547 2848 628 2918 alias
662 2846 801 2917 induunt
825 2837 1004 2924 craffities,
1038 2859 1113 2928 quae
1144 2834 1275 2906 colores
1298 2856 1339 2906 ex
1366 2837 1461 2905 radiis
1486 2839 1689 2927 aptioribus
1715 2842 1855 2915 diversos
1880 2846 2072 2943 secernunt,

547 2945 691 3016 reddunt
715 2965 766 3014 ue.

599 3039 672 3133 Qui
692 2966 796 3128 qplura
825 3031 997 3125 spectantia
1028 3026 1154 3099 Lucem
1188 3026 1223 3098 dc
1248 3026 1392 3100 Colores
1422 3028 1584 3101 addiscere
1612 3038 1732 3126 cupit,
1767 3038 1895 3111 evolvat
1919 3042 2074 3136 Opticam

547 3136 736 3219 Newtoni,
768 3133 822 3204 cui
853 3129 939 3199 hanc
964 3124 1143 3200 dotcrinam
1176 3126 1323 3215 plurimis
1351 3124 1620 3217 subtilissimisque
1654 3134 1792 3204 inventis
1828 3139 1993 3213 excolenti
2019 3165 2075 3217 er·

549 3232 705 3304 slrudlum
731 3228 777 3299 eil
806 3237 1057 3299 monumentum
1086 3222 1295 3315 magnificum
1322 3272 1333 3304 ‚
1365 3221 1538 3313 incisaeque
1568 3227 1710 3313 litterae,
1741 3232 1907 3308 acutissimi
1931 3239 2075 3335 ingenii,

550 3324 587 3401 u
611 3326 775 3418 exquisitae
810 3322 964 3394 dosirinae
998 3316 1092 3391 telles
1123 3320 1350 3411 sempitemae:
1394 3317 1446 3389 sed
1469 3319 1619 3395 leviffima
1643 3323 1853 3404 fundamenta
1884 3353 2005 3408 tantum
2025 3359 2078 3409 at.

548 3429 676 3521 tingere
700 3425 734 3495 in
758 3420 818 3492 hac
844 3418 1090 3492 introductione
1115 3422 1156 3489 ad
1182 3417 1424 3509 Philosophiam
1450 3419 1550 3491 volui.

707 3945 952 4060 cneus
1008 3946 1495 4037 Tricesimum
1548 3953 1902 4063 Quin-runa

550 4093 611 4157 bn.

1120 4188 1341 4301 Descriptio
1379 4189 1505 4277 Oculi.

540 4433 583 4534 ἰ
614 4422 857 4506 MDCCCLI.
980 4424 1131 4499 uomodo
1161 4426 1288 4518 objet‘ta
1319 4428 1361 4499 ab
1390 4426 1524 4500 homine
1550 4433 1757 4523 cernuntur,
1790 4432 1912 4521 exponi
1934 4433 2069 4522 nequit,

845 4528 847 4533 ’
1004 4526 1061 4597 nili
1086 4520 1180 4595 Visus
1203 4545 1381 4622 organum,
1407 4526 1497 4615 quod
1512 4525 1640 4599 Oculus
1653 4527 1720 4611 est,
1743 4527 1956 4624 intelligatur:
1982 4526 2069 4599 hunc

550 4625 729 4703 brevissime
755 4644 816 4716 pro
841 4624 941 4711 scopo
971 4623 1135 4713 explicare
1159 4626 1263 4695 nitar:
1298 4624 1454 4713 quicquid
1476 4627 1509 4699 in
1534 4625 1694 4697 delineata
1720 4622 1759 4695 Fi
1805 4647 1840 4696 ta
1862 4624 1947 4697 Tab.
1974 4623 2070 4696 XLI.

551 4725 626 4826 Fig.
655 4748 709 4797 12.
745 4740 813 4792 tum
835 4724 868 4792 in
894 4720 1108 4812 descriptione
1131 4720 1277 4793 Fabricae
1302 4719 1429 4794 bonum
1453 4720 1527 4810 est,
1553 4721 1586 4792 id
1611 4720 1726 4793 illustri
1764 4722 1850 4794 eculi
1877 4722 1977 4795 nostri
2005 4720 2068 4792 Or·

550 4842 726 4906 nomento,
751 4816 806 4893 Ci.
831 4818 954 4890 Albino
971 4822 1179 4916 attribuatur,
1203 4817 1284 4898 mihi
1305 4837 1443 4909 autem,
1474 4819 1631 4918 quicquid
1650 4840 1855 4915 erroneum,
1883 4822 2070 4898 autminus

448 4931 453 4937 '
553 4944 759 5015 marcum,
782 4920 988 4999 obscuriorve
1011 4918 1117 4997 fuerin
1989 5015 2077 5099 sm
