4992 6767
641 686 729 771 κω·
1088 655 1224 750 DE
1376 651 1824 768 AQun·

648 875 704 958 10,
728 864 967 948 admiscentur,
993 878 1069 930 cum
1093 878 1131 927 ca
1153 853 1389 938 effervescunt,
1413 854 1523 948 ignem
1548 848 1734 941 expellunt,
1760 871 1866 942 partes
1886 877 2089 958 quocunque
2106 891 2181 946 mo-

648 970 694 1040 do
716 963 839 1059 figunt,
863 958 964 1032 veluti
992 957 1088 1046 Aqua
1111 953 1249 1024 aliorum
1273 950 1451 1022 multorum
1475 968 1652 1040 corporum
1678 948 1788 1043 gluten
1814 951 1877 1020 eli:
1903 978 1943 1026 ert
1969 966 2088 1050 quibu,
2114 973 2179 1041 05.

649 1060 880 1137 servationibus
901 1053 974 1127 haec
997 1051 1153 1124 sententia
1175 1049 1314 1121 collefia
1341 1045 1422 1133 fuit,
1447 1044 1683 1118 ostendendum
1708 1068 1796 1118 nunc
1820 1051 1892 1118 erit.

652 1229 660 1242 ·
713 1179 744 1286 5.
790 1183 915 1260 lllDV.
957 1182 1084 1255 Glaciei
1114 1200 1221 1272 partes
1254 1200 1322 1250 non
1353 1180 1550 1268 quiescere,
1572 1217 1574 1226 ·
1593 1175 1647 1246 sed
1677 1177 1926 1265 quodammodo
1958 1193 2085 1260 moveri·
2113 1198 2187 1267 col·

650 1290 817 1384 legimtm.
860 1291 910 1353 1⁰.
943 1280 997 1352 Ex
1025 1281 1184 1350 continuo
1215 1275 1376 1346 bullarum
1408 1275 1577 1345 a'c'rearum
1607 1275 1837 1360 incremento,
1878 1299 1955 1348 curn
1980 1284 2012 1351 in
2037 1292 2182 1375 primum

654 1383 793 1458 formata
813 1381 920 1479 glacie
940 1381 995 1450 virt
1014 1396 1106 1448 erant
1126 1373 1338 1464 conspicua,
1372 1371 1516 1462 sequenti
1542 1371 1596 1441 die
1629 1369 1700 1442 funt
1730 1369 1955 1469 magnitudine
1978 1384 2094 1469 capitis
2118 1395 2187 1462 aci-

655 1511 757 1620 culae,
781 1530 885 1602 indies
906 1527 1115 1610 increscunt,¹
1141 1543 1176 1592 ut
1200 1519 1331 1612 sphaerae
1350 1518 1486 1591 evadant
1511 1517 1657 1591 diametri
1677 1493 1724 1580 ’ἶι
1755 1494 1795 1636 {a
1824 1495 1863 1653 Ξ,
1884 1499 2119 1624 partium,.itno
2135 1537 2184 1612 iu·-
2213 1569 2218 1580 ·

656 1682 739 1777 tegni
760 1676 889 1790 pollicis
897 1699 917 1790 ι.
933 1672 1024 1766 quod
1043 1674 1304 1786 incrementum,
1321 1668 1386 1781 :nifi
1410 1687 1526 1833 partess
1541 1666 1685 1834 ggiaciatae
1702 1687 1946 1834 rerqoveantur,
1972 1672 2047 1762 fieri·
2058 1687 2183 1773 nequit,

654 1765 1506 1962 dtilsdfliglllllieldeardi?
1519 1765 1977 1959 20f¹¹dllldl⁰gllt
2003 1775 2185 1948 filil:

656 1989 745 2138 fiante
764 1967 841 2135 gelu
871 1962 907 2036 δι
926 1964 1047 2058 frigore
1068 1959 1105 2030 fit
1125 1959 1273 2051 specifice
1295 1960 1409 2031 levior.
1460 1980 1512 2054 4⁰.
1538 1958 1590 2029 Ex
1621 1959 1823 2029 exhalatione
1855 1982 2011 2054 perpetua
2038 1967 2071 2039 dt
2097 1995 2183 2064 pon.

681 2068 743 2138 eris
787 2080 987 2135 ecremento.
1174 2085 1178 2092 ’
1244 2083 1250 2114 t
1338 2115 1342 2122 .

715 2209 749 2301 5.
781 2204 923 2278 MDVl.
958 2202 1092 2275 Glacies
1118 2205 1222 2288 etiarn,
1241 2203 1375 2280 nonest
1399 2205 1496 2292 Aqua
1532 2202 1724 2274 condensata
1749 2227 1767 2274 a
1792 2202 1929 2302 frigore,
1957 2210 2053 2282 veluti
2080 2213 2183 2290 foen.

660 2313 706 2390 tia
732 2303 887 2396 meulla,
922 2306 1124 2386 mercurius,
1167 2299 1337 2393 resruofa,
1377 2301 1504 2387 aliaque
1528 2321 1709 2392 corporaa
1747 2295 1867 2396 frigore
1899 2305 2097 2398 densantur,
2123 2316 2185 2386 du·

659 2407 820 2488 rescunt',
835 2399 1004 2472 uolumine
1028 2399 1238 2469 decrescuntt
1264 2401 1340 2487 quia
1363 2397 1484 2493 glacies
1510 2417 1713 2487 quaecunque
1739 2397 1785 2467 est
1799 2404 1901 2471 rarior
1915 2403 2023 2494 aqud,
2051 2406 2182 2482 &fent-

659 2523 721 2596 per
742 2522 786 2572 eo
812 2497 886 2590 plus
911 2518 1033 2579 tumet,
1058 2517 1126 2586 quo
1149 2492 1225 2589 gelu
1248 2495 1294 2563 est
1313 2493 1455 2584 asperius
1483 2490 1518 2564 dt
1543 2493 1701 2588 longioris
1727 2496 1916 2570 durationis.
1969 2502 2102 2578 lnflatio
2127 2531 2184 2579 au·

660 2591 728 2672 cetu
754 2595 870 2694 glaciei
890 2594 1063 2686 conjunt‘ia
1088 2613 1165 2660 curn
1190 2593 1310 2661 viribus
1340 2591 1521 2674 irntnenfis,
1548 2611 1621 2679 quae
1647 2589 1718 2659 sunt
1743 2592 1887 2682 aequales
1912 2601 2050 2687 ponderi
2076 2625 2183 2697 asto.

659 2691 946 2785 ttrnosphaerarum
967 2687 1180 2767 terrestrium,
1205 2691 1319 2776 nequit
1342 2689 1420 2756 oriri
1444 2686 1586 2798 apac'ris
1601 2684 1801 2778 palintonia‚
1827 2695 2018 2780 quandum
2036 2720 2184 2794 exaquae

658 2793 806 2884 partibus
835 2789 1033 2865 extricatur,
1064 2784 1098 2851 in
1127 2780 1263 2876 glaciem
1296 2803 1496 2872 operaretur.
1543 2782 1716 2871 Aperiatur
1746 2785 1833 2857 eninr
1866 2789 1982 2882 glaciei
2015 2795 2100 2867 bulla
2126 2801 2184 2872 litb

668 2877 793 2977 Aqui,
818 2885 925 2952 adrem
949 2899 1018 2950 non
1042 2893 1220 2972 erumpere·
1236 2880 1381 2963 videbis,
1407 2883 1463 2970 qui
1487 2878 1662 2949 necessario
1687 2901 1762 2950 curn
1788 2887 1929 2956 maximo
1953 2891 2053 2960 exiret
2078 2894 2184 2986 impe-

660 3003 717 3068 tu,
742 2982 765 3051 fr
790 2983 852 3049 adr
874 2976 967 3049 valde
986 2975 1198 3045 condensatus
1218 2970 1256 3045 dt
1276 2975 1423 3047 clasticus
1445 2979 1479 3045 in
1500 2975 1588 3045 bulla
1603 2976 1862 3051 concluderetur.
1913 2983 1977 3054 Sed
1995 2987 2109 3082 glaciei
2127 2992 2183 3064 fi'r.

658 3082 755 3151 ruitas
774 3094 860 3145 tantu
883 3076 980 3143 ctiam
1003 3093 1072 3142 non
1097 3071 1170 3162 eli,
1203 3091 1240 3143 ut
1262 3076 1369 3144 adrem
1395 3073 1481 3142 adeo
1505 3071 1668 3142 elasticum
1695 3070 1729 3142 &
1755 3075 1787 3145 se
1811 3083 2053 3170 quoquoversus
2078 3090 2183 3180 expli·-

659 3194 735 3246 cure
755 3174 913 3242 nitentem
935 3171 1125 3238 coerceret:
1161 3167 1321 3240 Praeterea
1344 3167 1498 3250 Glacies,
1525 3191 1598 3258 quae
1624 3190 1665 3238 ex
1690 3173 1787 3262 Aqua
1811 3179 1920 3247 ornnis
1943 3177 2025 3252 airis
2049 3203 2183 3276 experte

660 3267 842 3350 formatur,
873 3267 971 3336 etiarn
992 3267 1025 3334 in
1048 3264 1202 3356 majorem
1229 3266 1383 3350 molem,
1410 3262 1591 3360 &magnis
1615 3268 1736 3337 uiribus
1762 3275 1922 3343 tumescit.
1973 3273 2062 3372 Quia
2085 3283 2184 3378 igitur

660 3369 695 3438 hi
723 3361 940 3437 rarefadiionis
971 3359 1105 3432 effedius
1137 3383 1204 3434 non
1236 3363 1382 3451 pendent
1404 3362 1446 3431 ab
1466 3364 1566 3446 adra,
1586 3385 1694 3452 neque
1718 3367 1759 3435 ab
1786 3368 1795 3434 i
1844 3370 1870 3438 is
1894 3374 2095 3464 privatione,
2120 3381 2183 3454 five

660 3461 782 3557 frigore
805 3460 897 3545 solo,
922 3477 1028 3548 aquo
1051 3459 1162 3528 omitia
1181 3479 1327 3547 corpora-
1343 3458 1543 3545 densantur,
1568 3461 1711 3551 pendere
1736 3389 1897 3558 possffit’
1929 3471 2054 3542 necelle
2079 3476 2124 3547 est
2149 3497 2185 3551 ιιι

661 3560 726 3634 alia
746 3559 800 3630 hic
821 3575 992 3630 concurrat
1015 3554 1126 3639 causa,
1152 3578 1225 3644 quae
1252 3550 1287 3624 dt
1312 3577 1465 3637 movere,
1489 3553 1525 3626 δι
1551 3560 1694 3628 maximo
1717 3580 1792 3632 curn
1818 3565 1946 3652 impetu
1968 3589 2073 3658 partes
2089 3593 2181 3664 aqua

659 3656 806 3742 inflate,
842 3651 1000 3726 fluidasfi
1044 3674 1078 3723 rc
1101 3675 1139 3722 ac
1163 3671 1288 3722 vertere
1310 3654 1345 3724 in
1371 3674 1492 3743 corpus
1523 3654 1699 3726 admodum
1725 3658 1841 3730 durum
1867 3663 1972 3752 poffit.
2022 3664 2182 3762 Quanam

659 3755 698 3826 fit
719 3755 792 3826 haec
815 3750 908 3824 causa
929 3771 996 3821 non
1021 3773 1075 3820 um
1104 3751 1189 3819 bene
1209 3751 1451 3843 cognoscitur,
1485 3755 1672 3822 temeritatis
1703 3757 1842 3843 proinde
1873 3757 1959 3832 foret
1984 3785 2053 3834 earn
2080 3766 2184 3840 deter—

660 3855 803 3922 minaret
827 3847 881 3919 fed
902 3851 962 3918 erit
982 3868 1157 3937 corporea,
1185 3843 1420 3915 &admodum
1444 3845 1583 3938 subtilis,
1611 3869 1684 3935 quac
1709 3870 1885 3938 corporum
1912 3878 2184 3953 quorumcunque

662 3968 788 4020 meatus
813 3965 996 4037 perreptare
1019 3943 1147 4034 potest,
1174 3946 1248 4035 quia
1270 3963 1355 4033 aqua
1377 3944 1417 4012 iu
1441 3942 1533 4011 omni
1555 3962 1675 4036 genere
1700 3944 1847 4016 vasorum
1872 3955 2079 4044 cognitorum
2095 3959 2184 4031 clau·

662 4044 748 4118 stin
771 4042 908 4140 glaciem
930 4044 1008 4114 verti
1030 4040 1149 4132 potest.

711 4167 744 4266 5.
768 4165 926 4240 MDVll.
950 4169 1081 4259 Aquam
1105 4167 1123 4234 d
1146 4163 1219 4234 solo
1244 4164 1367 4260 frigore
1402 4185 1469 4237 non
1500 4164 1723 4260 conglaciari,
1756 4167 1810 4238 fed
1843 4170 1974 4259 quando
1998 4171 2089 4242 causa
2107 4137 2184 4248 ‘me-

657 4287 786 4341 -rnorata
815 4271 850 4338 in
876 4265 988 4354 majori
1017 4265 1113 4352 copia
1141 4262 1237 4332 srrnul·
1274 4267 1469 4347 concurrit,
1510 4263 1637 4356 liquett
1678 4266 1752 4356 quia
1785 4264 1860 4335 licet
1901 4288 1984 4358 aqua
2021 4274 2187 4346 nonnullis

665 4366 868 4457 temporibus
889 4361 981 4432 valde
1004 4357 1138 4451 frigeat,
1165 4381 1233 4450 nou
1257 4361 1469 4453 congelatur,
1496 4378 1643 4450 tempore
1668 4361 1810 4450 quodam
1826 4362 1971 4435 calidiori
1989 4364 2026 4434 fit
2041 4366 2183 4459 glacies:

663 4463 784 4628 ,gat
810 4459 1026 4625 ‘falli
1044 4455 1984 4629 llssll50nll3fflullil5lfll..lli‘llldlld
2007 4463 2183 4555 ,1„„„„

661 4577 886 4746 {quddndgirpait
912 4670 1032 4720 tanturn
1057 4652 1272 4746 conglaciari:
1300 4646 1377 4718 Hoc
1401 4669 1469 4719 non
1492 4649 1595 4718 modo
1621 4652 1654 4721 in
1679 4575 1818 4744 chlgio,
1844 4654 1897 4724 fed
1924 4611 2019 4727 etiam
2037 4584 2182 4732 ddofgffl

662 4753 789 4834 manu,
814 4748 952 4917 Anqlia,
978 4742 1146 4863 &Callia
1169 4747 1215 4817 est
1239 4746 1462 4857 observatum:
1485 4746 1696 4838 prodiditque
1721 4746 1813 4856 Nob.
1839 4753 1883 4864 du
1910 4749 2056 4836 Hamel,
2082 4777 2182 4846 quan·

662 4847 708 4920 do
725 4846 841 4918 caelum
862 4867 985 4937 atquot
1009 4847 1125 4916 diebus
1145 4839 1344 4934 praeccll'erat
1363 4842 1531 4929 calidum,
1556 4844 1701 4940 gelaffe,
1727 4868 1871 4936 quamvls
1897 4847 2184 4925 Thermometrunt

659 4943 718 5018 sub
749 4945 807 5019 dio
838 4944 980 5043 pultum
1010 4943 1111 5018 tribus
1142 4958 1323 5076 quatuorve
1349 4941 1504 5038 gradibus
1536 4940 1630 5038 fupra
1663 4963 1775 5020 notatu
1799 4947 1983 5044 incipientis
2007 4948 2187 5123 glacie&
