4992 6767
547 730 653 813 ¹094
795 695 912 794 ui:
965 677 1454 782 Mnuu‘oars
1511 673 1841 803 ΚΕΒΗΣ

434 940 497 995 τὼ,
548 901 717 980 dariorem
741 893 940 967 intellectum
974 887 1135 961 Tabulam
1158 883 1343 976 inspicere,
1373 879 1408 949 in
1433 897 1498 970 qua
1521 874 1642 973 sagittae
1674 878 1710 949 in
1737 876 1931 954 umbraticis
1965 882 2088 979 scripta

401 1004 487 1061 ull·
552 1000 668 1084 lineis,
692 995 781 1068 venti
805 990 975 1065 decursum
998 1005 1124 1058 norant.

598 1124 631 1224 q.
654 1112 855 1194 MMDLV.
890 1111 928 1184 ln
955 1111 1093 1182 Oceano
1117 1103 1310 1187 Atlantico,
1335 1094 1371 1170 bc
1397 1094 1607 1190 AErhyopico
1632 1100 1718 1172 inter
1747 1118 1930 1196 utrumque
1961 1102 2082 1198 Tropi-

550 1248 656 1312 eum,
687 1216 741 1290 vel
771 1234 884 1306 parum
908 1210 990 1281 ultra
1016 1226 1088 1277 turo
1113 1204 1189 1274 anni
1211 1195 1348 1269 decursu
1372 1196 1467 1288 spirat
1492 1195 1711 1283 subsolanus,
1736 1201 1781 1269 ita
1803 1219 1939 1285 tannen,
1969 1224 2005 1272 ut
2027 1204 2086 1274 hic

550 1322 669 1417 partim
692 1336 734 1385 ex
759 1312 898 1403 quadam
931 1298 1197 1399 Septentrionali
1229 1296 1354 1393 plaga,
1386 1295 1454 1366 illic
1482 1315 1524 1366 ex
1554 1292 1769 1368 Meridionrli
1792 1300 1955 1371 accedere
1978 1300 2084 1371 videa-

553 1441 616 1491 tur.
1749 1458 1752 1463 ·

607 1509 769 1586 10.Nam
795 1506 926 1579 simulac
950 1521 1055 1575 nautae
1080 1495 1197 1569 insulas
1218 1492 1374 1566 Canariae
1398 1493 1746 1590 praeternavigaverunt
1775 1515 1925 1588 petentes
1953 1496 2083 1566 Ameri-

552 1633 647 1695 carn,
673 1611 758 1679 circa
782 1604 918 1703 gradum
944 1602 990 1673 all
1017 1596 1193 1669 latitudinis
1217 1591 1357 1678 Boreae,
1383 1588 1419 1660 lit
1444 1589 1485 1659 ad
1500 1589 1680 1662 distantiam
1707 1592 1754 1664 llo
1780 1592 1963 1665 milliarium
1977 1615 2000 1662 a
2016 1592 2083 1663 Ca·

554 1710 652 1782 uariis
678 1706 890 1796 experiuntur
915 1697 1137 1789 Aquilonem,
1161 1692 1218 1783 qui
1243 1710 1315 1759 raro
1339 1687 1476 1759 multum
1500 1686 1635 1759 ulterius
1659 1689 1702 1760 ad
1724 1690 2003 1783 Septentrionem
2015 1711 2084 1761 ver·

582 1808 633 1899 it,
664 1801 792 1874 accedit
814 1818 921 1870 tamen
945 1792 1109 1865 nonnullis
1137 1788 1340 1879 temporibus
1371 1788 1507 1878 propius
1538 1785 1581 1856 ad
1613 1784 1829 1861 subsolanum
1862 1787 2007 1859 evadens
2030 1785 2086 1872 Ο,

603 1950 615 1985 ,
640 1898 686 1970 0.
737 1895 803 1969 llic
825 1914 941 1968 ventus
964 1896 1009 1963 ibi
1035 1885 1196 1961 interdum
1214 1885 1259 1955 eil
1276 1885 1409 1968 Corus,
1436 1881 1490 1952 sed
1517 1904 1610 1969 raro,
1634 1884 1748 1976 estque
1771 1906 1839 1957 tum
1858 1888 1970 1957 brevis
1991 1886 2085 1955 dura·

558 2000 673 2072 rionis:
698 2015 808 2067 verum
834 1992 948 2084 saepius
972 1989 1212 2076 interrumpitur
1234 1982 1394 2053 malaciis:
1421 1980 1471 2050 hae
1493 1980 1637 2053 malacia
1661 1983 1869 2057 observantur
1891 1984 1975 2055 Sole
1995 2004 2082 2053 acce

558 2096 657 2166 dente
678 2092 720 2162 ad
744 2092 976 2182 aequinoctium
1001 2082 1201 2155 autumnale:
1229 2100 1340 2151 uerurn
1362 2096 1478 2152 ventus
1505 2076 1676 2150 Orienmlis
1697 2080 1744 2151 est
1767 2081 1996 2165 constantior,
2023 2079 2086 2151 sole

558 2190 743 2280 aTropico
768 2188 960 2277 Capricorni
984 2183 1025 2252 ad
1048 2178 1270 2270 AEquatorem
1293 2177 1466 2291 tendente,
1492 2194 1622 2267 tumque
1635 2179 1671 2247 in
1689 2175 1748 2290 lrac
1767 2180 1883 2249 oceani
1907 2197 2011 2268 parte
2036 2200 2087 2248 na·

559 2306 681 2455 liiii
698 2273 1338 2477 rlnunlnirniui
1355 2271 2086 2462 ln{runilrrrnzllinnz

562 2502 606 2554 ne
630 2478 675 2552 28
700 2477 858 2575 graduum
882 2475 1004 2547 coelunr
1027 2473 1072 2544 est
1096 2472 1263 2543 serenum:
1288 2470 1343 2543 sed
1368 2470 1447 2541 Sole
1470 2472 1503 2542 in
1524 2469 1619 2566 figula
1642 2470 1752 2542 boreis
1769 2488 2000 2543 commorante
2023 2491 2082 2541 cra

562 2576 631 2648 lum
660 2574 705 2645 ell
737 2575 907 2647 nubilum:
940 2593 1009 2643 turn
1041 2593 1119 2643 vero
1152 2574 1187 2643 in
1219 2569 1448 2662 hemisphaerio
1471 2566 1597 2640 australi
1621 2567 1744 2642 coelum
1776 2568 1823 2640 est
1846 2565 2022 2638 serenum:
2051 2568 2086 2637 hi-

561 2674 671 2757 venti,
696 2670 759 2743 five
779 2669 898 2745 suerint
915 2669 1120 2762 Aquilones,
1144 2668 1195 2741 vel
1213 2666 1316 2752 Euri,
1340 2690 1359 2739 a
1380 2668 1493 2757 primis
1515 2665 1705 2751 limitibus,
1722 2664 1867 2757 quisunt
1897 2664 1945 2736 28
1972 2665 2023 2736 vel
2041 2685 2087 2758 qo

562 2769 681 2865 gradus
700 2767 876 2841 latitudinis
885 2822 904 2856 ,.
923 2790 1030 2861 usque
1054 2768 1095 2838 ad
1123 2788 1169 2859 ng
1194 2764 1331 2862 gradum
1356 2765 1491 2837 modico
1515 2762 1636 2855 spirant
1652 2766 1794 2856 impetu:
1820 2762 1876 2834 scd
1901 2762 2023 2833 abhinc
2036 2786 2081 2833 us·

563 2887 629 2957 que
652 2865 693 2936 ad
718 2863 920 2939 latitudinem
953 2889 994 2937 12
1020 2866 1071 2938 vel
1103 2888 1145 2957 14
1170 2864 1260 2963 grad.
1286 2863 1390 2935 multo
1412 2861 1636 2932 vehementius
1657 2859 1798 2954 spirant,
1822 2856 1857 2930 dr
1884 2861 1926 2932 in·
1948 2860 2082 2931 diciala·

563 2964 700 3035 titudine
720 2964 792 3036 sunt
813 2966 996 3038 conilantes
1022 2956 1277 3055 Aquilones,&
1302 2958 1489 3032 Subsolani:
1515 2957 1634 3031 abhinc
1649 2958 1873 3053 AEquatorem
1896 2957 2008 3031 uersus
2032 2980 2088 3031 nec

564 3059 649 3132 adeo
675 3059 797 3142 sortes,
822 3066 942 3129 necin
968 3059 1082 3126 eadent
1106 3058 1286 3126 directione
1312 3080 1406 3149 aque
1431 3058 1617 3128 constanter
1639 3056 1720 3126 sunt
1770 3052 1921 3152 Quando
1947 3055 2007 3126 Sol
2021 3078 2084 3129 ver·

563 3157 647 3228 satur
671 3160 704 3225 in
730 3155 825 3247 lignis
851 3156 982 3238 boreis,
1008 3155 1095 3223 reeta
1118 3156 1268 3223 imminet
1292 3150 1419 3222 Oceani
1438 3149 1595 3223 Atlantici
1625 3155 1709 3242 parti
1736 3155 1872 3240 borea,
1908 3174 2032 3245 easque
2054 3178 2085 3225 a·

564 3273 644 3341 quas
668 3249 940 3321 vehementiffime
965 3247 1128 3335 calefacit,
1154 3272 1226 3340 quae
1252 3248 1413 3321 raresaflae
1437 3249 1477 3319 in·
1496 3247 1595 3320 altum
1618 3270 1735 3345 niagno
1757 3254 1850 3341 copia
1864 3249 2089 3337 adscendunt,

563 3345 681 3418 multas
705 3344 882 3438 densasque
908 3348 1012 3420 nubes
1031 3344 1234 3433 efficientem
1268 3346 1317 3419 his
1340 3347 1461 3419 coelum
1489 3346 1525 3417 fit
1545 3346 1695 3419 nubilum
1725 3345 1862 3421 &Solis
1884 3348 2092 3438 conspectus·

564 3443 788 3539 navigantibus
809 3446 952 3536 eripitur.
1001 3440 1125 3514 Verum
1144 3443 1222 3516 Sole
1242 3443 1385 3516 versante
1408 3448 1441 3517 in
1466 3444 1563 3540 fignis
1582 3444 1786 3518 Australibus
1809 3442 1935 3515 Oceani
1966 3446 2085 3518 Atlan-

564 3542 620 3626 tici
645 3561 717 3632 para
742 3540 844 3614 borea
868 3541 1004 3633 oblique
1029 3563 1048 3612 a
1073 3541 1158 3613 Solis
1185 3541 1279 3612 radiis
1304 3541 1475 3614 illustratur
1498 3541 1604 3614 multo
1618 3545 1727 3616 minus
1738 3543 1890 3628 calescit,
1913 3546 2093 3632 pauciores·

563 3657 671 3730 partea
693 3658 786 3730 aqua
808 3660 992 3725 rarescunt,
1021 3633 1056 3710 ἃ
1082 3642 1115 3711 in
1141 3640 1241 3712 altum
1267 3639 1482 3729 attolluntur,
1508 3641 1592 3713 adeo
1616 3659 1652 3712 ut
1673 3642 1796 3715 coelum
1820 3660 1891 3712 rum
1913 3640 1960 3711 ibi
1978 3642 2024 3713 lit:
2040 3641 2083 3714 se·

565 3756 690 3808 renum.
1121 3803 1125 3808 .

577 3865 581 3872 ·
611 3830 685 3903 Cur
707 3854 787 3904 vero
812 3852 926 3905 ventus
950 3835 1162 3927 impetuosor
1190 3836 1277 3908 estza
1299 3837 1402 3933 gradu
1429 3860 1472 3931 1³4
1497 3838 1538 3910 ad
1565 3861 1622 3933 23.
1647 3861 1746 3932 quarn
1779 3864 1800 3914 a
1830 3839 1942 3940 gradu·
1974 3861 2023 3932 ¹4
2047 3838 2084 3909 ad

563 3931 785 4020 aquatoremi
816 3932 880 4002 An
896 3931 961 4003 hoc
986 3954 1054 4004 non
1079 3931 1143 4020 fit,
1176 3936 1251 4024 quia
1275 3933 1328 4005 bic
1355 3957 1470 4008 ventus
1492 3938 1621 4009 tranfire
1648 3940 1758 4032 potest
1783 3937 1952 4012 interualla
1975 3937 2083 4009 insula·

564 4046 635 4097 nnn
660 4025 876 4114 Ancillarum,
902 4029 965 4100 five
991 4028 1202 4119 Caribarum,
1228 4054 1303 4124 quae
1314 4033 1423 4124 jacent
1443 4038 1528 4107 inter
1542 4035 1643 4108 sinum
1661 4036 1897 4124 Mexicanum,
1922 4032 1960 4107 ὅ(
1979 4033 2083 4107 Ocea·

564 4145 642 4195 num
667 4122 884 4197 Atlanticum:
910 4127 1060 4219 adeoque
1083 4151 1198 4202 ventus
1223 4127 1401 4204 Orientalis
1427 4134 1529 4206 libere
1549 4132 1604 4205 hic
1624 4156 1819 4228 procurrere
1839 4132 1959 4229 potest.
1972 4154 2015 4205 ea
2037 4131 2084 4204 0⁴

563 4241 668 4291 ceano
691 4221 858 4295 Atlantico
883 4223 1041 4296 infinum
1067 4225 1306 4301 Mexicanum:
1332 4252 1443 4306 verum
1466 4253 1485 4302 a
1506 4230 1608 4329 gradu
1638 4254 1682 4325 14
1707 4234 1749 4307 ad
1772 4251 1969 4326 aequarorem
1995 4229 2086 4304 Ven-

564 4338 615 4389 tua
633 4316 813 4392 Orientalis
836 4321 932 4414 spirat
953 4341 1068 4396 contra
1091 4325 1256 4418 Americae
1279 4332 1527 4419 continentem,
1561 4329 1582 4401 i
1608 4331 1678 4424 qud
1698 4324 1900 4416 riliirur,.&'
1930 4327 2012 4398 ideo
2046 4331 2084 4401 in

562 4414 675 4505 patulo
699 4419 779 4488 mari
804 4439 872 4488 non
897 4438 983 4491 tanta
1006 4419 1155 4498 libertate
1179 4446 1241 4500 nec
1268 4426 1436 4520 rapiditate
1450 4449 1643 4523 procurrere
1659 4428 1789 4525 potest,
1811 4428 2011 4517 quaminter
2042 4447 2085 4520 14

562 4506 599 4580 dr
624 4532 671 4603 23
697 4514 831 4610 gradum
855 4510 1044 4588 summania
1091 4515 1182 4590 Cum
1195 4540 1344 4622 ¹quoque
1369 4542 1389 4592 a
1415 4545 1463 4616 23
1488 4529 1530 4597 ad
1556 4530 1610 4601 a8=
1723 4584 1727 4590 .
1754 4519 2084 4598 ventus-orientalis

562 4627 711 4718 occurrat
736 4614 916 4685 continenti
939 4614 1103 4687 American
1128 4618 1258 4704 boreae,
1282 4640 1403 4713 nempe
1424 4621 1589 4713 Florida,
1615 4647 1634 4697 a
1675 4625 1849 4699 hacetiam
1867 4620 2005 4711 sistitur,
2020 4621 2084 4715 pla·

561 4702 731 4801 cidrusque
754 4713 789 4784 in
812 4709 874 4784 hac
898 4710 1068 4788 latitudine
1093 4713 1242 4810 spirabit:
1270 4716 1399 4812 semper·
1422 4723 1511 4794 enim
1535 4725 1570 4797 in
1593 4723 1677 4800 locis
1699 4724 1812 4801 liberis
1836 4719 1873 4798 ὰ
1901 4724 2084 4819 patentibus

477 4853 481 4858 ·
1979 4820 2082 4898 sardus

636 5000 693 5085 (⁶)
711 5005 834 5087 Vim&
854 5004 1048 5092 d'uuerrque
1067 5030 1120 5096 pat
1140 5016 1232 5082 vilar
1249 5019 1289 5088 Ι..
1304 5035 1333 5086 ι.
1356 5018 1412 5089 Cb.
1428 5035 1456 5089 r·
1474 5001 1540 5101 μὴ.
1557 5034 1615 5086 aar.
1711 5039 1718 5048 ·
