4992 6767
411 604 687 823 ‘nn⁴
997 680 1139 782 ne
1270 680 1640 782 roua

542 890 681 1003 pondus
701 896 820 992 integri
839 891 919 966 radii
942 888 1030 971 Solis
1053 886 1167 963 noviti
1192 888 1307 983 ecquis
1328 883 1559 999 determinabit
1573 879 1820 1001 multitudinem
1843 888 2009 967 radiorum
2030 896 2070 971 ln

546 1020 672 1093 ¹corpus
694 995 936 1077 incidentium,
967 988 1226 1081 replicaturum,
1257 983 1517 1100 inhaerennumi
1549 982 1583 1055 St
1615 981 1694 1055 radii
1718 1004 1739 1054 a
1763 983 1840 1057 Sole
1868 990 1912 1061 ad
1935 990 2075 1067 Terram

552 1170 655 1242 nsque
676 1143 858 1239 exporredii
880 1139 1017 1238 gravium
1038 1137 1135 1211 suerit
1157 1100 1324 1243 ῑῑέὦ-Οο
1345 1155 1419 1228 pars
1443 1137 1556 1231 grani3
1582 1150 1652 1205 tum
1676 1131 1840 1205 radiomm
1869 1155 2076 1216 rooooooo.

553 1297 685 1392 pondus
706 1314 809 1391 grano
831 1291 999 1382 pererit,
1030 1287 1086 1379 qui
1108 1304 1224 1355 omnes
1251 1298 1400 1376 tempore
1424 1301 1458 1375 7.
1483 1282 1535 1355 vel
1562 1282 1594 1354 8.
1622 1280 1829 1352 Minutomm
1854 1284 2075 1381 ingredientes

554 1392 689 1487 aliquod
709 1411 859 1482 corpus,
884 1384 975 1476 quod
1002 1388 1036 1454 in
1059 1384 1183 1454 calcem
1206 1380 1400 1467 reducitur,
1428 1382 1662 1451 incrementum
1688 1379 1843 1470 ponderis
1867 1383 1992 1473 aequale
2017 1391 2075 1460 uui

554 1488 657 1590 g'rano
680 1490 822 1571 dabunt,
849 1480 884 1553 iit
906 1478 1079 1573 propterea
1098 1480 1158 1551 60.
1183 1477 1293 1570 plures
1313 1476 1442 1569 pondus
1463 1476 1625 1549 drachma
1648 1479 1780 1568 corpori
1796 1478 1944 1567 addente,
1960 1503 2075 1574 qnam,

554 1591 670 1661 obrem
695 1586 824 1657 levioris
847 1582 1007 1652 momenti
1030 1598 1165 1670 quoque
1185 1577 1239 1647 hic
1263 1575 1430 1667 scrupulus
1452 1573 1509 1646 est.
1785 1599 1790 1607 ’
1948 1617 1952 1624 -

605 1681 712 1780 Quod
732 1682 755 1751 li
776 1684 886 1777 ignem
907 1698 1011 1770 ponas
1038 1678 1199 1771 gravitatis
1220 1693 1408 1763 expertem,
1424 1693 1473 1744 -un
1497 1694 1568 1744 non
1588 1673 1629 1743 ab
1655 1676 1730 1747 aire
1752 1672 2074 1766 ponderoso,.=circa

557 1802 666 1855 totum
706 1799 861 1851 terrarum
900 1776 1014 1845 orbem
1047 1772 1089 1843 ad
1121 1792 1220 1843 ratam
1256 1770 1458 1843 altitudinem
1494 1770 1716 1859 circumfuso,
1765 1773 1905 1863 peiiemt
1938 1771 2079 1864 sursum,

558 1885 628 1953 imo
651 1877 733 1949 ulna
750 1872 974 1964 atmosphaerae
990 1872 1124 1941 limites:
1151 1868 1259 1940 saltem
1278 1890 1347 1958 quo
1365 1869 1482 1940 editior
1500 1870 1561 1938 erit
1581 1867 1696 1956 locus,
1720 1892 1763 1941 eo
1786 1871 1942 1955 calidior,
1966 1893 2079 1946 verum

557 1993 718 2071 repugnat
739 1972 958 2063 experientia,
983 1988 1051 2057 quo
1073 1970 1160 2038 enim
1186 1964 1300 2036 altiora
1323 1968 1486 2037 montium
1507 1964 1583 2060 juga
1604 1965 1825 2053 adscendens,
1851 1968 2004 2040 inteniius
2024 1970 2079 2043 fri

648 2072 848 2162 experieris,
880 2067 927 2137 uti
951 2066 1142 2135 ¹itinerantes
1165 2064 1199 2133 in
1228 2064 1401 2134 verticibus
1425 2061 1583 2133 Peruanis·
1611 2084 1866 2156 compererunt:
1899 2062 1981 2162 Quo
2004 2072 2078 2157 ait,

558 2169 630 2242 solo
649 2168 696 2240 est
717 2168 854 2258 propior
875 2183 952 2234 curn
972 2162 1181 2234 insidentibus
1202 2162 1418 2251 corporibus,
1443 2160 1515 2252 plus
1539 2160 1654 2232 caloris
1678 2162 1883 2236 observatur,

607 2295 640 2393 ς.
665 2290 942 2366 lllDLXXXVl.
966 2288 1019 2359 Ex
1041 2291 1193 2360 omnibus
1216 2273 1386 2380 hucusque
1407 2287 1459 2358 de·
1473 2287 1553 2381 Igne
1577 2288 1699 2360 traditis
1724 2287 1899 2361 manifesto
1918 2287 2076 2383 sequitur,

558 2388 674 2491 Ignem
697 2390 761 2462 elle
787 2410 933 2481 corpus,
967 2389 1042 2477 quia
1063 2387 1198 2477 spatium
1227 2405 1396 2476 occupat,
1432 2383 1494 2454 sese
1527 2405 1567 2454 ex
1592 2406 1732 2475 corpore
1757 2386 1913 2466 calciario
1932 2405 2078 2484 quamn.

558 2491 682 2563 verium
706 2491 739 2559 in
765 2487 825 2560 alia
846 2506 1007 2577 corpora,
1031 2484 1083 2555 vel
1106 2488 1139 2554 in
1164 2484 1271 2553 vicina
1297 2481 1396 2573 spatia
1418 2481 1590 2571 expandit:
1615 2482 1734 2554 deinde
1760 2483 1791 2554 se
1816 2486 1980 2577 explicans
2005 2487 2078 2560 mo.

426 2618 431 2622 ·
553 2608 676 2672 ¹vetur:
712 2584 915 2656 Soliditatem
935 2582 1022 2654 suam
1049 2578 1287 2669 repercullione
1310 2602 1329 2648 a
1352 2578 1490 2667 speculis
1517 2578 1663 2649 causticis
1688 2580 1855 2670 ostendit;
1887 2580 2077 2679 &gravem

559 2683 624 2755 elle
648 2687 758 2780 ignem
780 2682 884 2751 modo
906 2700 981 2749 ante
1004 2680 1168 2748 evicimus.
1219 2673 1332 2764 Aliqui
1348 2671 1587 2765 praellantillimi
1612 2673 1683 2746 Viri
1708 2677 1814 2749 studio
1839 2699 1936 2772 atque
1952 2681 2075 2773 sapien·

554 2784 605 2851 tia
629 2783 739 2876 ignem
765 2778 959 2868 corporibus
978 2771 1382 2856 annumerarebaesrtant,
1418 2774 1525 2866 ignem
1553 2773 1811 2862 penetrabilem,
1850 2771 1978 2847 &non
2006 2776 2079 2850 soli·

559 2876 639 2948 dum
665 2875 733 2947 elle
751 2877 903 2965 opinati;
937 2874 1013 2963 quia
1036 2871 1058 2940 fi
1079 2873 1186 2942 radius
1207 2868 1293 2939 Solis
1319 2868 1625 2956 perpendiculariter
1657 2874 1691 2940 in
1721 2870 1884 2960 speculum
1908 2874 2078 2961 inciderit,

561 2974 675 3044 eidem
690 2976 742 3045 uia
757 2974 861 3053 redit,
877 2970 967 3056 quod
977 2968 1044 3035 lieri
1059 2970 1193 3055 nequit,
1208 2963 1265 3032 nist
1283 2966 1312 3030 le
1329 2963 1396 3051 ipse
1411 2969 1639 3051 penetraverit:
1656 2963 1691 3037 ἃ
1709 2969 1895 3056 ratiocinari.
1905 2989 2078 3065 pergentes

553 3072 744 3156 inquiunt,
778 3087 847 3134 non
875 3062 965 3153 juxta
997 3060 1029 3131 se
1053 3061 1224 3130 decurrere
1253 3057 1332 3127 radii
1357 3059 1537 3130 incidentes
1562 3057 1597 3131 dt
1621 3064 1792 3136 redeuntes
1815 3059 1969 3157 poliunt,
1990 3059 2077 3160 'quia

557 3161 648 3231 nulla
671 3163 764 3229 datur
776 3163 890 3237 ratio,
916 3178 989 3245 quae
1010 3155 1209 3225 incidentem
1231 3154 1356 3224 radium
1381 3176 1400 3222 e
1421 3155 1549 3225 viasua
1574 3158 1746 3232 dededete
1770 3161 1928 3259 cogeret:
1963 3162 2077 3237 subtile

561 3257 782 3328 ratiocinium!
808 3254 863 3321 sed=
885 3250 1052 3341 quaefitum
1077 3252 1175 3339 velim
1198 3272 1239 3319 an
1268 3253 1465 3336 experientia
1492 3252 1555 3322 ulla
1579 3256 1724 3343 constet,
1750 3259 1876 3331 radium
1900 3260 1981 3333 lucis
2006 3262 2078 3335 soli·

556 3357 678 3423 tarium
701 3373 719 3421 a
741 3348 878 3441 speculo
895 3346 1084 3432 redditum,
1117 3347 1229 3439 perse
1257 3346 1391 3417 redire?
1425 3369 1467 3418 ne
1500 3370 1626 3446 regens
1658 3356 1781 3426 radium
1816 3355 2014 3432 trar'iabilem
2035 3363 2078 3433 ira

562 3449 637 3520 serti
652 3470 665 3534 ς
683 3448 751 3519 'hic
782 3448 868 3517 enim
897 3444 1022 3516 constat
1052 3466 1094 3514 ex
1126 3446 1304 3516 innumeris
1332 3445 1462 3516 radiolls
1489 3447 1735 3543 divergentibus
1762 3457 1933 3547 rarisque,
1971 3478 2080 3548 quam

563 3546 683 3618 obrem
710 3544 887 3636 quilibeta
915 3542 1018 3634 plana.
1039 3541 1210 3632 superficie
1238 3540 1409 3634 replicatus
1437 3543 1497 3633 ¹sub
1530 3547 1644 3637 aquali
1677 3548 1816 3645 angulo-¹
1832 3573 1870 3625 ac
1907 3555 2079 3641 inciderat,

563 3646 599 3716 in
627 3644 689 3717 alii
715 3643 765 3715 vid
789 3641 954 3734 adiacente
976 3640 1095 3710 redibit
1114 3642 1238 3732 absque
1263 3639 1328 3711 ulla
1347 3646 1576 3732 penetratione,
1597 3667 1720 3737 mutua.

620 3774 652 3864 §.
670 3767 979 3842 -mnnxxxvm
1012 3766 1185 3835 Constabit
1212 3771 1309 3836 etiam
1329 3770 1424 3863 ignis
1452 3792 1496 3839 ex·
1516 3774 1669 3861 partibus·
1684 3773 1914 3863 lubriliffimis,
1949 3804 2025 3854 cum
2048 3779 2081 3852 l'e

564 3888 714 3963 penetrat
737 3872 770 3936 in
792 3883 894 3954 poms
914 3879 1189 3951 quorummnque
1210 3871 1410 3950 corpomm‘,
1434 3875 1500 3933 tem
1515 3866 1711 3954 iirmomm,
1737 3893 1833 3959 quam
1859 3876 2048 3949 fluidorum.

616 3989 649 4090 q.
675 3975 985 4064 Monxxxvm.
1011 3982 1269 4080 EruntqueeJus
1288 3969 1396 4078 partes
1412 3982 1621 4075 solidiffimre,
1646 3994 1721 4083 quia
1737 3991 1807 4063 sunt
1821 3965 1995 4067 admodum
2011 4023 2084 4091 par-

562 4087 891 4259 millioli?
913 4082 1339 4271 'llblrmifiili
1355 4079 1961 4276 dillii’nfilnl‘llnlpilirleii
1986 4096 2084 4262 lna„

564 4194 630 4361 lla
652 4211 729 4357 epm
755 4234 948 4375 quibusd'am
974 4300 1066 4367 aquae
1090 4279 1255 4367 particulis
1279 4234 1464 4372 vaporolis,
1491 4281 1607 4355 sursum
1633 4282 1822 4371 adscendit,
1849 4213 2088 4365 donecpirlcastu’·

564 4384 698 4476 perficie
717 4383 827 4470 Aqua
847 4376 940 4448 ualde
963 4374 1121 4466 expansis
1135 4391 1322 4468 τωρωι,
1374 4391 1425 4447 α’.
1450 4375 1597 4473 Quando
1629 4403 1731 4472 vapor
1762 4384 1946 4456 ebullientis
1982 4388 2089 4479 Aquae

570 4485 604 4550 in
625 4480 786 4568 recipiens
811 4476 899 4545 inite
927 4493 1062 4546 vacuum
1086 4472 1143 4544 diu
1163 4475 1414 4559 intromittam
1447 4476 1489 4544 in·
1513 4481 1689 4570 recipiente
1712 4502 1820 4555 autem
1844 4481 1963 4554 steterit
1988 4484 2091 4559 lndert

614 4573 809 4654 ercurialis,
839 4572 923 4666 ignis
945 4592 1086 4642 vacuam·
1102 4569 1218 4641 indicis
1239 4589 1366 4661 partem
1389 4571 1567 4667 ingreditur
1591 4596 1687 4667 aeque
1708 4601 1746 4650 ac
1771 4582 1960 4669 recipiens,
1994 4582 2088 4656 Mer·

566 4674 659 4742 curio
683 4667 898 4758 aequilibrium
918 4691 993 4741 cum
1013 4667 1140 4739 reliduo
1166 4669 1255 4740 Aire
1279 4664 1316 4737 da
1333 4667 1447 4758 preffu
1465 4670 1584 4742 elaliici
1609 4680 1737 4763 vaporis
1760 4676 1919 4749 servante:
1945 4679 2091 4752 stantem

558 4769 635 4841 Ait
654 4763 690 4837 dt
713 4787 813 4856 vapor
838 4768 872 4834 in
897 4768 1075 4855 recipiente
1102 4762 1207 4834 subito
1234 4765 1468 4859 refrigeretur,
1499 4768 1564 4840 hoc
1597 4772 1642 4841 eli
1682 4776 1765 4869 ignis
1791 4775 1999 4864 expellatur,
2029 4777 2092 4848 five

566 4867 754 4950 dometur,
783 4882 850 4933 tum
877 4861 1033 4931 sublatum
1057 4860 1102 4930 est
1126 4862 1342 4951 aequilibrium
1376 4867 1460 4936 inter
1483 4870 1645 4939 adiuuem
1670 4872 1753 4965 ignis
1779 4874 1835 4961 qui
1858 4870 1961 4942 fuerat
1986 4875 2019 4944 in
2044 4895 2095 4944 re·

563 4965 734 5055 cipiente,
760 4957 795 5033 iit
819 4960 903 5031 inter
924 4962 1034 5057 ignem
1052 4960 1086 5029 in
1113 4959 1193 5031 mbo
1214 4957 1359 5054 luditis:
1393 4962 1469 5037 ideo
1494 4965 1578 5061 ignis
1591 4970 1660 5059 ‘qui
1683 4970 1719 5044 lu
1741 4987 1842 5043 vacua
1865 4969 1981 5048 indicis
1994 4987 2094 5140 putige

1031 5092 1035 5100 .
1230 5133 1248 5142 ..
2032 5089 2051 5140 ο
2085 5116 2097 5156 ,
