4992 6767
549 726 642 817 770:
736 705 826 789 ne
861 699 1066 788 uuers
1090 688 1478 783 rannerru·
1506 690 1633 779 unu
1669 688 1895 782 ‘acuar

404 901 548 977 stssffl·
575 945 577 950 ·
603 897 754 976 Candela
778 894 814 969 &
836 893 945 968 chard
967 895 1082 966 iterum
1104 910 1255 964 manente
1282 887 1317 961 in'
1339 887 1458 961 eodem
1486 886 1593 974 loco,
1626 889 1742 961 oculus
1759 909 1846 962 ¹cum
1871 892 1982 967 charta
2006 893 2094 994 ΩΤ

426 981 461 1035 '⁸'
475 982 501 1030 ⁷⁸
556 999 687 1075 recedat
712 996 733 1068 i
757 998 857 1087 priori
882 993 1034 1076 ulterius,
1059 1013 1157 1083 quam
1183 992 1215 1059 in
1237 990 1344 1078 primo
1371 987 1619 1077 experimento,
1641 1007 1710 1058 turn
1724 986 1782 1060 lux
1799 1010 1860 1080 per
1878 989 2029 1074 foramen
2049 997 2097 1070 :A-

554 1101 696 1194 primum
720 1090 923 1175 transmissa,
956 1088 1074 1161 deinde
1100 1110 1158 1179 per
1182 1084 1340 1155 foramina
1364 1083 1495 1154 alterius
1518 1082 1635 1155 chartae
1666 1087 1711 1168 d,
1736 1112 1777 1172 r,
1803 1086 1872 1158 coit
1904 1091 1946 1162 iu
1960 1097 2100 1178 pausia>

555 1195 591 1267 0
615 1193 734 1278 oculi,
766 1179 942 1279 antequam
964 1186 1006 1257 ad
1031 1188 1164 1257 retinam
1186 1182 1367 1276 pertingit,
1399 1179 1560 1271 explicere
1584 1181 1704 1254 deinde
1726 1186 1761 1257 in
1786 1210 1842 1278 m,
1868 1189 1904 1280 i,
1927 1185 2091 1266 efficiens-

556 1315 650 1386 que,
684 1310 721 1361 ur
743 1288 890 1360 foramen
921 1284 955 1354 A
992 1281 1097 1354 rursus
1120 1276 1242 1369 duplex
1265 1297 1415 1350 cernatur
1435 1279 1471 1348 in
1496 1275 1532 1351 C
1556 1272 1592 1349 dt
1616 1278 1656 1349 Β.
1705 1279 1779 1374 Jam
1808 1284 1967 1358 foramine
1987 1288 2093 1382 supas

553 1392 632 1462 riori
656 1383 830 1468 derauso,
856 1381 1017 1453 evanescit
1040 1376 1188 1448 foranten
1213 1372 1257 1444 C.
1282 1373 1390 1446 clauso
1412 1373 1572 1447 ferumine
1592 1374 1735 1449 inferiori
1760 1404 1802 1467 r,
1826 1388 1987 1457 evanescit
1999 1399 2089 1460 cun„

555 1482 865 1579 spettussoraminis
889 1478 930 1549 B.
989 1476 1023 1546 Si
1045 1477 1162 1546 iterum
1185 1469 1302 1542 oculus
1334 1492 1409 1544 curu
1433 1472 1542 1546 charta
1567 1469 1643 1570 QT
1669 1475 1780 1549 redeat
1806 1480 1849 1550 ad
1871 1480 1959 1551 idem
1983 1485 2088 1554 inter·

535 1583 676 1656 vallum
698 1580 739 1649 eb
765 1579 819 1661 A,
843 1597 882 1646 ac
906 1578 940 1645 in
964 1573 1072 1665 primo
1100 1569 1175 1643 casu
1198 1569 1276 1665 Fig.
1305 1586 1340 1661 5.
1372 1587 1427 1640 aut
1453 1565 1571 1640 ocules
1603 1563 1680 1643 cunr'
1708 1574 1818 1647 charta
1849 1573 1926 1672 QT
1959 1579 2099 1651 recedat

557 1682 600 1749 ab
625 1678 657 1748 A
682 1678 730 1746 uti
762 1678 796 1745 in
831 1672 904 1769 Fig.
931 1672 965 1743 ά
997 1671 1114 1740 iterum
1144 1665 1292 1738 foramen
1323 1667 1356 1737 A
1381 1665 1515 1757 simplex
1541 1670 1735 1760 apparebit:
1773 1693 1850 1763 quae
1882 1672 1975 1752 Nob,
2006 1673 2092 1746 Por,

558 1765 686 1845 tersield
709 1772 840 1868 egregie
863 1770 1014 1862 probavit
1038 1766 1142 1860 (a),
1167 1764 1238 1835 haec
1265 1785 1333 1835 non
1362 1767 1448 1835 rede
1473 1762 1515 1833 da
1539 1764 1571 1835 la
1601 1763 1714 1838 HirIus
1739 1789 1759 1840 a
1780 1770 1916 1863 planitie
1937 1770 1990 1846 vel
2013 1773 2089 1870 gib-

557 1872 704 1946 bositate·
719 1868 893 1942 0cul0rum
917 1865 1079 1938 deducere
1106 1882 1243 1944 conatus
1268 1858 1330 1932 suit
1355 1860 1447 1955 (l).
2011 1941 2015 1948 Ι

608 2010 640 2110 ς.
674 2006 954 2082 MDCCCCVI.
979 2005 1141 2103 Quaenam
1166 2004 1265 2076 debet
1287 2001 1350 2074 eise
1371 2000 1573 2094 objedorum
1596 2003 1740 2078 distantia
1764 2008 1807 2079 ab
1828 2010 1952 2097 oculo,
1966 2004 2015 2083 'ut
2039 2012 2090 2082 di·

558 2110 673 2184 ssinsle
696 2106 896 2181 videantur?
930 2105 1051 2196 pendet
1080 2103 1145 2173 hoc
1168 2103 1212 2172 ab
1239 2101 1329 2174 oculi
1355 2099 1586 2180 cualliurriune
1619 2120 1689 2172 tum
1709 2126 1729 2173 a
1750 2103 1831 2176 lucis
1853 2106 1979 2198 objecta
2005 2107 2087 2179 illu·

560 2208 712 2280 minantis
735 2204 852 2293 copia,
875 2224 895 2273 a
915 2203 995 2272 loco
1018 2202 1126 2270 minus
1148 2198 1259 2269 illustri
1284 2199 1320 2267 in·
1340 2218 1408 2287 quo
1430 2196 1618 2279 versamur,
1641 2218 1707 2268 tum
1725 2195 1822 2280 'etiam
1847 2223 1866 2270 a
1887 2204 2090 2296 magnitudi-

548 2324 605 2375 ne
627 2300 830 2393 objedlorum
854 2295 890 2382 ὃς
912 2298 1074 2388 partiumr
1099 2316 1215 2391 magua
1232 2296 1319 2370 enim
1337 2298 1370 2364 in
1386 2293 1498 2385 rnajori
1523 2293 1665 2367 distantia
1679 2294 1775 2386 quam
1794 2296 1912 2383 exilia,
1933 2298 2087 2371 dislindle

561 2399 756 2471 cernuntur:
791 2393 921 2486 plurimi
942 2393 1085 2487 Juvenes
1112 2390 1230 2462 oculos
1253 2389 1274 2462 d
1296 2407 1409 2461 natura
1432 2392 1475 2460 ita
1495 2391 1686 2463 constitutos
1706 2388 1846 2481 habear,
1871 2415 1908 2465 ut
1927 2391 2020 2468 hu'us
2042 2397 2085 2466 li·

561 2495 642 2566 belli
675 2494 782 2563 literas
808 2493 842 2561 in
863 2490 1010 2561 distantia
1036 2509 1078 2582 15
1100 2488 1256 2579 pollicum
1275 2486 1421 2557 dislinsle
1434 2486 1565 2583 legant:
1585 2508 1726 2560 attamen
1742 2485 1814 2560 suut
1829 2492 1886 2582 qui
1900 2485 2085 2566 discernunt

366 2647 369 2654 .
454 2668 465 2688 ‚
562 2596 598 2663 in
614 2589 761 2662 distantia
788 2608 845 2658 20.
871 2586 952 2678 poll.
977 2588 1030 2657 alii
1055 2589 1089 2657 in
1106 2584 1252 2656 distantia
1267 2603 1301 2676 7.
1318 2583 1399 2674 poll.
1423 2582 1476 2654 sed
1502 2584 1645 2655 liliterae
1668 2583 1738 2658 sunt
1762 2587 1926 2672 minores,
1948 2592 2091 2679 propius-

563 2687 740 2760 admovere
755 2704 922 2755 tenentur:
947 2683 1159 2756 nihilominus
1176 2680 1233 2751 has
1253 2681 1359 2751 literas
1381 2680 1526 2752 distinsle
1549 2682 1694 2753 videmus
1716 2684 1750 2753 in
1775 2680 1920 2755 distantia
1946 2683 1985 2754 6.·
2005 2683 2091 2774 poll.

569 2805 624 2857 aa.
649 2782 722 2875 pol.
754 2778 790 2852 dt
823 2804 881 2871 24.
905 2780 976 2873 pol.
1009 2780 1137 2873 objesla
1165 2800 1283 2873 magna
1307 2777 1428 2847 diinde
1450 2799 1606 2869 apparent
1634 2781 1669 2849 in
1693 2777 1843 2852 distantiae
1870 2801 1924 2871 14
1948 2782 2026 2872 ped.
2052 2789 2096 2872 5:

564 2880 647 2975 poll.
677 2878 776 2951 adeo'
795 2899 831 2951 ut
855 2878 973 2950 limites
1001 2878 1155 2956 distinete
1182 2876 1311 2958 visionis
1335 2894 1546 2965 nequaquam·
1569 2876 1629 2947 sint
1653 2879 1734 2948 cerri
1758 2874 1794 2948 &
1818 2877 2013 2952 constantes.

614 3017 648 3116 s.
671 3014 978 3090 MDCCCCVll.
1009 3012 1106 3084 Licet
1133 3032 1207 3103 que
1235 3008 1406 3100 hucusque
1432 3009 1475 3082 de
1504 3011 1650 3086 distindla
1671 3012 1793 3086 vison'e
1818 3013 2011 3094 credidimus
2031 3015 2097 3092 liat

566 3138 660 3199 vera,
686 3112 894 3183 nihilominus
917 3108 1146 3180 confideranda
1169 3108 1265 3176 etiam
1296 3105 1343 3176 est
1365 3110 1557 3201 magnitudo
1585 3110 1727 3201 objedli,
1750 3110 1837 3181 edeo
1860 3131 1898 3182 ut
1914 3133 1983 3184 nan
2005 3112 2092 3194 sem·

567 3232 628 3302 per
659 3205 785 3278 metelle
819 3205 882 3286 sit,
915 3225 951 3274 ut
980 3201 1151 3293 cujuslibet
1174 3204 1286 3293 pandi
1316 3202 1433 3295 objecti
1464 3208 1588 3294 pistura
1618 3210 1652 3278 in
1682 3210 1806 3297 pundo
1836 3210 1946 3282 retinae
1968 3212 2097 3283 cudat:

568 3303 784 3393 quamobrem
807 3298 900 3372 Nob.
927 3298 1061 3391 Jurinus
1084 3298 1265 3368 distinctam
1294 3298 1450 3370 visionem
1476 3300 1623 3374 discrevit
1653 3306 1685 3373 in
1711 3307 1920 3397 perfectam,
1961 3307 2092 3399 qualem

569 3398 777 3481 tradidimus,
803 3392 838 3467 dt
868 3401 900 3467 in
914 3398 1106 3491 stmplr'citer
1129 3393 1332 3490 distinflarn3
1357 3416 1432 3466 cum
1458 3400 1544 3469 enim
1574 3398 1716 3470 chartam
1745 3402 1828 3472 adeo
1860 3423 1966 3493 prope
1988 3403 2098 3482 oculo·

568 3496 777 3579 admoveris,
810 3512 847 3564 ut
870 3493 1016 3564 distinete
1043 3493 1149 3564 literas
1175 3514 1288 3583 parvas
1313 3514 1381 3563 non
1409 3516 1546 3589 cernas,
1573 3501 1696 3587 poteris
1720 3496 1858 3589 majores
1884 3498 2063 3574 discernere
2078 3528 2096 3574 :-

568 3595 645 3669 ideo
668 3589 813 3662 distinua
845 3592 924 3662 visio
953 3613 1020 3661 non
1051 3591 1209 3681 pendebit
1238 3589 1283 3661 rb
1312 3611 1352 3660 ea
1380 3589 1526 3662 distantia
1553 3591 1701 3685 obJ‘eui,
1733 3614 1770 3664 ut
1791 3596 1871 3667 radii
1899 3615 1917 3663 a
1942 3599 2093 3688 quolibet

522 3718 527 3728 ·
595 3688 700 3765 unfro
721 3689 878 3770 emissrin
904 3689 1040 3766 totidem
1064 3688 1231 3782 singularia
1254 3686 1380 3777 panda
1399 3689 1509 3759 retine
1528 3692 1668 3778 co'e'aut,
1695 3690 1747 3762 sed
1774 3712 1891 3790 magna
1908 3697 2019 3790 magui
2034 3697 2094 3768 ob·

572 3787 652 3862 ‘esti
677 3784 806 3876 pidiura
828 3784 965 3854 multum
995 3781 1036 3848 ad
1060 3779 1246 3851 distinc‘tam
1273 3783 1426 3851 vidonem
1457 3784 1594 3855 confert.
1652 3785 1776 3860 Verum
1800 3789 1938 3880 plurima
1963 3813 2041 3887 egre
2067 3795 2101 3864 'a

572 3879 847 4069 hucthspgdtgntia
881 3875 993 3945 tradita
1026 3871 1160 3945 suntin
1192 3875 1376 3966 appendice
1416 3876 1651 3948 elaborariffimi
1684 3881 1807 3973 Operis
1846 3883 1962 3976 Optici
2005 3814 2102 3964 Cffr.

575 3981 641 4057 Smi
783 4024 793 4044 .

427 4147 574 4209 mm,
624 4100 656 4204 §-
680 4093 989 4174 MDCCCCVIIL
1014 4090 1114 4166 Radii
1140 4081 1222 4166 lucis
1245 4087 1342 4186 CA,
1372 4091 1465 4183 Bu,
1496 4098 1538 4169 ab
1562 4101 1714 4174 extremis
1745 4096 1870 4192 objedti
1894 4100 2029 4194 pundris
2056 4109 2107 4184 aa.

361 4217 365 4223 ·
424 4221 485 4291 m.
503 4229 528 4274 r.
576 4200 710 4279 oculum
734 4197 768 4269 A
791 4195 917 4281 delati,
948 4191 1102 4288 angulum
1124 4188 1266 4266 sormunt
1296 4188 1434 4278 ΒΑΘ,
1466 4198 1523 4286 qui
1582 4199 1687 4283 rictu,
1710 4196 1763 4270 vel
1786 4199 1926 4288 miserius
1951 4204 2102 4293 appella·

576 4326 647 4378 tur:
671 4317 819 4372 accurate
843 4312 950 4365 autem
975 4290 1029 4362 hic
1053 4310 1122 4361 non
1143 4285 1189 4360 est
1213 4284 1349 4384 angulus
1370 4290 1523 4384 opticurr
1579 4294 1602 4365 d
1621 4296 1679 4388 qui
1699 4315 1719 4366 a
1741 4293 1859 4383 radiis,
1883 4298 1924 4368 ab
1944 4303 2107 4373 extremis*

563 4395 702 4495 ubjedti
727 4389 861 4486 punctis
884 4386 938 4472 C,
963 4387 1018 4473 B,
1041 4383 1176 4469 emissis,
1201 4379 1237 4458 dt
1263 4383 1498 4460 transeuntibus
1516 4412 1577 4484 per
1598 4411 1745 4490 centrum
1768 4390 1865 4465 lentis
1888 4394 2107 4486 crystallinae,

578 4497 757 4569 sannarur:
781 4490 864 4579 :quit
885 4505 993 4563 autem
1016 4505 1085 4557 non
1111 4482 1249 4554 multum
1274 4502 1350 4553 cum
1375 4487 1628 4584 magnitudine,
1662 4508 1731 4562 turn
1754 4487 1902 4563 dislantia
1924 4489 2033 4565 differt
2057 4497 2104 4570 ab

578 4591 703 4691 ¹angulo
726 4583 857 4670 CAR,
880 4583 1000 4676 poterit
1024 4578 1133 4656 CAB
1156 4580 1308 4667 retineri,
1331 4580 1390 4658 nili
1411 4603 1489 4664 cvm
1510 4583 1625 4683 majori
1645 4590 2111 4788 accumtggnffirztggtcm

584 4867 586 4872 ¹
680 4782 719 4861 a)
739 4777 868 4844 Medieal
889 4778 984 4853 Ellayr
1005 4777 1075 4839 Vol.
1098 4794 1127 4852 ⁴·
1147 4783 1304 4855 Μῶα.
1329 4771 1335 4781 ·

654 4864 720 5028 ὦ)
734 4858 1443 5028 lilirsi‘dld'nsnlliir’fengg
1463 4856 1493 4930 l
1512 4863 1585 5015 un
