4992 6767
610 739 615 744 ·
667 721 1022 811 numerius·
1063 721 1157 811 rr·
1191 719 1284 809 ne
1332 722 1646 816 visioivrr.¹
1851 720 1936 839 77:

402 923 532 1018 thagine
557 910 703 990 exeuntis
729 939 907 991 numerum
931 919 1022 990 dixit.
1073 914 1165 1013 Quid
1197 939 1276 991 vero
1306 916 1352 987 eil
1384 916 1565 991 lisuimum
1595 919 1720 1014 uifibiie
1748 916 1857 1013 (a)?
1887 919 1926 991 dr

399 1042 440 1091 an
471 1039 511 1088 ex
546 1038 588 1086 eo
624 1012 772 1086 crailities
800 1015 924 1087 fibiillae
958 1035 1084 1086 nerveae
1105 1014 1309 1085 determinari
1332 1015 1437 1105 potest
1462 1016 1559 1108 (bit
1592 1016 1625 1086 id
1652 1040 1719 1088 non
1747 1015 1933 1107 probabile.

400 1113 489 1189 Nam
518 1135 634 1183 nervus
657 1115 785 1201 opticus
808 1112 854 1182 est
879 1110 1050 1182 fasciculus
1074 1110 1281 1201 plurimarum
1310 1114 1454 1183 tenuium
1479 1111 1699 1199 fibrillarum,
1733 1111 1785 1182 sed
1811 1112 1930 1203 quibus

398 1210 529 1307 singulis
558 1209 610 1279 sua
634 1208 680 1279 est
704 1207 867 1282 crassities:
895 1208 950 1277 lux
971 1229 1012 1278 ex
1037 1208 1180 1297 quodam
1205 1207 1323 1297 objesii
1347 1210 1470 1298 pontio
1491 1208 1619 1292 emissa,
1645 1210 1765 1282 incidat
1782 1210 1815 1279 in
1832 1229 1930 1277 unam

399 1307 548 1379 fibrillam
574 1307 689 1390 nervi,
711 1302 924 1394 ejusdemque
944 1304 1173 1399 magnitudinis
1200 1303 1236 1374 fit
1261 1306 1384 1393 pistura
1407 1325 1445 1373 ac
1472 1304 1596 1375 fibrillae
1616 1306 1790 1387 crassities‚
1815 1304 1931 1374 fibrilla

399 1404 612 1487 movebitur,
645 1419 838 1491 motumque
860 1402 902 1470 ad
922 1422 1065 1471 mentem
1088 1398 1241 1470 deserens
1259 1400 1386 1481 efficit,
1403 1420 1441 1470 ut
1463 1401 1534 1471 haec
1555 1402 1663 1472 videat
1688 1400 1851 1492 objedium
1871 1400 1929 1471 sub

402 1500 542 1594 quadam
563 1496 800 1594 magnitudine:
825 1492 883 1567 sed
905 1497 1109 1587 pistura-jam
1134 1496 1245 1567 evadat
1269 1498 1425 1585 tenuior,
1452 1493 1487 1567 dt
1516 1497 1671 1568 semissem
1698 1497 1848 1568 librillam
1871 1516 1930 1567 oc·

400 1617 528 1688 cupet,
546 1595 598 1667 vel
615 1596 739 1665 tertiam
761 1593 905 1676 crassitiei
927 1613 1076 1682 partem,
1102 1592 1216 1662 librilla
1238 1614 1364 1686 motuni
1389 1614 1424 1663 ut
1447 1615 1521 1663 ante
1546 1616 1622 1664 cum
1647 1614 1757 1664 mente
1779 1615 1930 1666 commu-

400 1694 542 1775 nicabit,
567 1713 640 1782 quae
664 1711 733 1760 non
759 1688 865 1781 potest
892 1709 960 1759 uon
984 1689 1148 1781 objesium
1168 1687 1277 1758 videre
1293 1687 1348 1758 sub
1371 1691 1485 1760 eadem
1506 1690 1728 1786 magnitudine
1751 1712 1790 1761 ac
1816 1693 1849 1759 in
1864 1693 1929 1782 pri-

399 1811 458 1861 uio
475 1787 565 1860 casu:
590 1787 644 1857 sed
664 1787 787 1877 pistura
807 1788 913 1877 prima
934 1786 1107 1857 exhibebat
1132 1790 1299 1857 minimum
1321 1788 1469 1877 vistbile,
1502 1788 1597 1877 quale
1616 1786 1771 1858 exhibent
1793 1806 1929 1878 quoque

399 1885 534 1977 reliqua
564 1886 727 1975 pidum,
760 1903 841 1978 ergo
870 1901 912 1952 ex
940 1885 1076 1955 minimo
1104 1883 1216 1953 visibili
1237 1882 1386 1954 crassities
1413 1882 1543 1952 libriliae
1570 1903 1696 1955 nerveae
1720 1880 1927 1955 determinari

400 1984 527 2073 nequit.
577 1980 667 2051 Idem
690 1981 891 2050 ratiocinium
913 1978 1024 2050 locum
1049 1980 1166 2060 habet,
1192 1979 1350 2070 srobjetti
1374 1983 1495 2050 externi
1511 1980 1634 2067 pictura
1648 1978 1797 2048 inciderit
1813 1981 1847 2049 in
1863 1999 1927 2051 tres

399 2077 532 2150 fibrillas
556 2097 707 2161 nerveas,
732 2096 853 2168 easque
872 2079 1001 2167 penitus
1026 2077 1179 2171 obtegat,
1203 2075 1317 2146 harum
1339 2095 1448 2146 motus
1471 2076 1512 2144 ad
1538 2095 1680 2145 mentem
1704 2074 1828 2144 delatus
1849 2095 1926 2145 cau·

400 2173 519 2260 suen,
549 2193 583 2243 ut
605 2191 697 2242 mens
723 2172 830 2243 videat
850 2172 1012 2243 ob'ectum
1038 2171 1094 2242 si'rb
1119 2173 1259 2262 quadarn
1286 2172 1529 2264 magnitudine:
1562 2171 1621 2240 sed
1639 2173 1762 2261 pistura
1785 2189 1928 2262 occupet

397 2268 503 2341 modo
531 2269 674 2340 mediam
704 2267 856 2337 librillam
956 2269 1122 2336 ambarum
1145 2267 1326 2336 lateralium·
1346 2285 1452 2352 partes
1477 2264 1640 2350 semisses,
1670 2286 1782 2336 motus
1806 2287 1929 2356 praece·

399 2366 490 2438 denti
520 2365 628 2436 similis
661 2364 703 2430 ad
728 2382 873 2430 mentem
908 2363 1103 2450 perveniet,
1134 2381 1207 2448 quae
1231 2359 1373 2449 ejusdem
1397 2361 1626 2454 magnitudinis
1650 2360 1813 2450 objedium
1839 2363 1930 2433 vide·

397 2464 465 2534 bit:
491 2458 617 2532 necesse
642 2456 689 2524 est
713 2474 749 2524 ut
770 2477 790 2524 a
816 2456 907 2525 radio
931 2456 1080 2546 quolibet
1100 2456 1249 2526 colorato
1278 2456 1394 2545 aliquis
1417 2476 1539 2527 tremor
1561 2459 1595 2529 in
1610 2455 1725 2527 fibrilla
1740 2478 1856 2528 nemea
1873 2479 1930 2528 ex·

400 2559 540 2638 citetur,
565 2555 622 2643 qui
639 2569 758 2621 tremor
780 2548 889 2620 differt
911 2551 1134 2646 magnitudine
1159 2548 1194 2622 δι
1218 2551 1398 2637 celeritate,
1425 2573 1524 2642 prout
1543 2552 1679 2623 colores·
1690 2551 1790 2644 illapsi
1813 2554 1930 2626 disere»

402 2670 505 2743 pant:
527 2668 725 2740 ponamus:
747 2647 843 2717 radiis
869 2645 962 2718 flavis
983 2647 1172 2718 celeriorem
1195 2668 1324 2718 motum
1348 2650 1473 2718 incitari
1493 2650 1526 2719 in
1547 2649 1689 2730 fibrillis,
1716 2671 1813 2740 quain
1831 2674 1857 2732 a
1879 2673 1930 2723 ra·

403 2748 468 2818 diis
489 2746 667 2834 viridibus,
692 2765 710 2812 a
732 2744 886 2813 viridibus
907 2744 1097 2814 celeriorem
1124 2764 1221 2834 quam
1247 2765 1266 2812 a
1288 2742 1455 2829 caeruleis,
1481 2765 1500 2813 a
1525 2744 1673 2815 coeruleis
1697 2744 1928 2819 lentissimum:

397 2843 465 2935 jam
490 2841 569 2911 radii
592 2839 727 2909 colorati
752 2837 830 2908 flavi
853 2839 995 2909 incidant
1016 2842 1051 2908 in
1070 2839 1232 2929 quandam
1256 2839 1427 2923 iibrillam,
1447 2840 1591 2910 incidant
1613 2858 1746 2930 quoque
1774 2844 1929 2925 coerulei,

398 2937 595 3008 excitabitur
617 2953 725 3005 motus
749 2938 784 3003 iti
809 2933 924 3003 fibrilia
947 2955 989 3003 ex
1011 2936 1095 3004 binis
1118 2936 1338 3024 compositus,
1371 2938 1427 3024 qui
1448 2933 1570 3007 lentior
1593 2938 1653 3006 erit
1674 2955 1771 3026 quana
1801 2937 1930 3009 aflavis

398 3033 515 3113 radiis,
539 3030 678 3101 celerior
699 3050 797 3119 quani
820 3052 838 3098 a
861 3027 1010 3100 coeruleis
1030 3033 1244 3113 excitaretur,
1270 3032 1391 3098 orietur
1414 3033 1512 3123 igitur
1536 3033 1682 3101 celeritas
1705 3032 1854 3122 quadam
1880 3036 1930 3104 in·

401 3130 583 3210 termedia3
617 3126 653 3196 sit
677 3147 716 3195 ea
738 3127 785 3196 uti
809 3147 828 3194 a
853 3125 948 3197 radiis
972 3125 1127 3195 viridibus
1149 3128 1314 3207 oriretur:
1347 3125 1495 3214 adeoque
1515 3125 1629 3195 iibrilla
1654 3147 1770 3197 nervea
1799 3150 1817 3197 c
1843 3148 1929 3200 ntre·
2009 3161 2013 3165 ·

399 3226 512 3298 miscet
537 3224 635 3295 veluti
655 3245 674 3292 a
702 3221 797 3292 radiis
823 3221 1000 3306 viridibus,
1026 3220 1153 3292 necesse
1171 3223 1267 3315 igitur
1292 3219 1359 3307 eli,
1383 3239 1419 3290 ur
1443 3240 1536 3292 mens
1550 3242 1677 3294 motum
1692 3222 1785 3315 hujus
1847 3224 1927 3297 rillaa

401 3326 561 3413 recipiens
588 3320 695 3391 videat
717 3317 879 3408 objestum
906 3318 1018 3389 colore
1041 3318 1146 3390 viridi.

457 3419 524 3491 Sed
545 3418 621 3487 binc
642 3414 722 3487 nihil
746 3416 787 3485 de
811 3418 965 3485 tentiitate
989 3435 1162 3485 nervorum
1186 3415 1299 3511 colligi
1327 3411 1458 3506 potest:
1491 3412 1644 3488 duntaxat
1672 3416 1795 3489 coloris
1816 3416 1926 3490 viridis

399 3515 553 3589 naturalis
584 3511 764 3600 simplicis,
794 3505 828 3579 dt
852 3508 960 3581 viridis
983 3531 1023 3578 ex
1045 3510 1175 3588 duobus
1196 3512 1365 3581 coloribus
1387 3512 1587 3600 compositi,
1627 3512 1731 3583 ideam
1757 3516 1791 3584 in
1814 3532 1926 3584 mente

401 3610 623 3703 representari
643 3604 798 3688 similem:
839 3606 1005 3693 quamvis,
1030 3624 1065 3675 ut
1088 3604 1248 3690 diximus,
1273 3625 1408 3696 uterque
1432 3606 1539 3678 viridis
1560 3608 1655 3678 color
1678 3607 1822 3694 differat,
1846 3630 1925 3700 pro·

402 3709 556 3779 bentibus
572 3703 605 3774 id
627 3700 792 3772 nonnullis
816 3701 1053 3791 experimentis.

458 3831 490 3931 ς.
516 3822 844 3905 Muocccxvii.
866 3824 903 3894 Si
916 3825 1030 3895 oculus
1058 3824 1094 3894 fit
1120 3829 1300 3926 immotuq,
1334 3822 1498 3923 &imago
1518 3826 1637 3919 objedii
1659 3829 1694 3898 in
1720 3829 1820 3898 retina
1846 3830 1927 3920 pidii

403 3938 437 4003 in
461 3934 545 4044 varia
574 3923 750 4041 adjacentia
776 3920 849 3993 loca
872 3922 1039 4005 inciderit,
1064 3920 1127 3991 sive
1151 3942 1339 4009 moveatur,
1363 3947 1455 4000 mens
1481 3923 1645 4015 objectum
1667 3943 1836 3997 externum
1850 3947 1925 4000 mo·

400 4026 706 4213 vclililllljeebslttorum
730 4115 871 4206 plurium
893 4116 1049 4210 imagines
1070 4117 1103 4185 in
1132 4117 1233 4184 retina
1255 4113 1371 4203 illapsae
1392 4112 1606 4201 discrepantes
1627 4077 1702 4185 situs
1727 4121 1925 4206 acquirant,

400 4223 560 4296 autvaria
578 4214 764 4299 intervalla,
788 4212 916 4304 objecta
940 4230 1071 4281 externa
1094 4212 1236 4293 moveri,
1263 4209 1438 4294 accedere,
1463 4209 1615 4279 recedere
1636 4210 1852 4297 videbuntur,
1876 4232 1924 4285 at.

401 4341 467 4411 que
489 4338 581 4390 mens
606 4335 645 4385 ea
669 4331 779 4383 revera
803 4309 928 4380 moveri
947 4305 1125 4397 judicabit,
1152 4307 1236 4375 bene
1250 4302 1408 4375 subduuo
1431 4307 1614 4379 ratiocinio.

450 4429 479 4525 §a
506 4424 852 4501 niuccccxviii.
886 4426 921 4498 Si
945 4424 1107 4515 objesium
1130 4422 1293 4515 quiescat,
1327 4423 1362 4497 dt
1392 4424 1507 4496 oculus
1529 4422 1703 4498 transverse
1725 4443 1922 4518 moveatur,

396 4532 507 4619 imago
528 4527 647 4616 objesii
670 4529 705 4595 in
729 4522 801 4594 aliis
825 4541 986 4615 perpetue
1001 4522 1111 4594 retinae
1134 4522 1215 4592 locis
1236 4525 1418 4620 pingatur,
1451 4525 1599 4612 adeoque
1624 4524 1733 4619 imago
1756 4527 1921 4613 percurret

400 4626 488 4696 varia
509 4625 618 4693 retina:
645 4618 745 4705 loca,
776 4623 903 4713 eritque
920 4622 1105 4712 apparentia
1120 4621 1233 4691 eadem
1259 4643 1297 4693 ac
1311 4642 1385 4694 anie
1399 4623 1433 4692 in
1457 4616 1488 4718 §‚
1526 4639 1628 4714 1917.
1647 4620 1797 4717 adeoque
1812 4620 1835 4696 fi
1851 4644 1922 4792 isio!

1864 4741 1923 4791 eri·

392 4940 399 4955 ,
478 4873 535 4949 (a)
560 4875 670 4935 Hooke
690 4875 881 4939 Posthumuna
902 4878 1011 4942 work:
1032 4895 1098 4959 pig.
1119 4891 1165 4942 ra.
1186 4877 1214 4939 ὰ
1232 4893 1278 4955 ⁹72
1295 4824 1314 4858 ο

480 4953 539 5033 (i)
556 4952 729 5020 Porterieid
749 4957 785 5019 iri.
799 4955 930 5023 ueriti:
949 4957 1046 5042 [ἔπαγε
1066 4959 1136 5024 Vol.
1158 4976 1187 5032 4.
1205 4975 1270 5037 pag.
1292 4975 1359 5034 uso:

1122 5069 1310 5167 sffitg
