4992 6767
528 697 622 812 334
645 627 1988 786 nncomonnantmumomutaas.,mncanu.

462 959 466 966 ,
536 884 706 964 chimader
734 901 778 954 ex
810 877 967 974 pensione
991 873 1090 948 molit
1121 873 1205 947 Auri
1235 867 1439 972 &Argenti
1452 871 1474 963 ,'
1494 892 1570 949 mm
1602 874 1748 953 Coronae
1771 875 1892 981 Regiae
1912 897 2062 960 πωπω

537 984 618 1058 scire
641 1002 709 1054 non
733 981 859 1073 potuit,
884 994 1041 1070 quantum
1057 974 1163 1060 Auri,
1187 990 1346 1064 quantum
1361 975 1499 1071 Argenti
1516 971 1656 1049 &mna
1670 980 1877 1053 continebat:
1894 988 2064 1058 eratenim

538 1077 720 1155 Metallum
744 1080 778 1151 in
796 1093 929 1162 cotom,
941 1072 1062 1146 madeo
1084 1072 1190 1153 tusum
1207 1066 1245 1143 dt
1264 1069 1451 1162 densum,
1477 1073 1614 1148 eandem
1639 1074 1924 1150 condensationem
1948 1082 1983 1150 in
1995 1101 2066 1152 me·

538 1176 627 1251 tellis
643 1174 784 1250 seorsum
798 1172 904 1269 pensis
920 1170 999 1244 scire
1013 1191 1082 1243 nou
1096 1170 1215 1262 potuit
1264 1166 1397 1264 Opiuor
1410 1172 1505 1243 etiam
1524 1192 1578 1243 me
1595 1171 1823 1264 observassem
1839 1174 1938 1247 mistis
1953 1179 2067 1250 metal-

539 1275 582 1360 lis
601 1274 671 1360 dari
690 1276 855 1365 utriusque
876 1269 1039 1362 quandam
1063 1267 1336 1360 proportionem,
1359 1270 1394 1341 in
1412 1289 1482 1360 qua
1505 1267 1645 1340 dendtas
1667 1269 1877 1343 eibomaium
1892 1276 2044 1346 maxima.

591 1369 695 1445 Hisce
714 1374 749 1444 in
768 1366 965 1443 antecessum
989 1365 1181 1450 intellectis,
1198 1360 1298 1437 *facile
1321 1364 1515 1461 colligemus
1537 1364 1702 1460 Tabulas,
1727 1370 1763 1439 in
1785 1370 1907 1461 quibus
1928 1391 1948 1440 a
1970 1373 2067 1445 variis

443 1496 446 1501 ’
541 1469 714 1543 autoribus
740 1466 955 1540 Metallorum
974 1465 1144 1559 gravitates
1168 1459 1328 1552 specificae
1351 1459 1428 1535 sunt
1455 1462 1624 1553 proditae,
1655 1463 1728 1536 eise·
1741 1463 1924 1538 adrandum
1946 1469 2069 1559 imper·

539 1566 666 1653 sosias,
692 1570 856 1658 quianon
878 1562 971 1634 fimul
996 1560 1142 1633 additum
1155 1557 1247 1650 tuit,
1270 1581 1312 1630 an
1337 1559 1502 1631 metallum
1527 1560 1630 1632 modo
1647 1560 1760 1634 ¹fusum
1782 1560 1881 1636 fuerit¹
1899 1569 2068 1643 examimi-

544 1686 634 1748 tum,
659 1686 701 1735 an
728 1662 866 1754 cusum,
892 1681 961 1731 tum
987 1677 1144 1749 quantum
1165 1654 1307 1743 cusum,
1331 1656 1383 1730 vel
1406 1678 1607 1749 quocunque
1623 1660 1733 1732 modo
1756 1659 1923 1734 densatum
1946 1660 2069 1735 firemtt

540 1760 698 1857 Quando
729 1765 817 1833 enim
850 1759 1008 1830 Stannum
1038 1754 1194 1830 sincerum
1229 1753 1411 1851 Anglicum
1441 1755 1545 1827 modo
1566 1754 1684 1830 ‘fusum
1706 1759 1962 1846 examinabam,
1997 1761 2073 1835 {etat

544 1863 682 1957 gravitas
704 1856 853 1949 specifica
874 1875 919 1948 7,
946 1854 1053 1945 3654.
1077 1873 1151 1942 quae
1175 1852 1209 1921 in
1229 1853 1350 1923 eodem
1373 1850 1452 1923 cuso
1475 1850 1536 1923 suit
1559 1871 1614 1945 7,
1640 1853 1747 1947 ³⁸14»
1797 1855 1909 1928 Sinn'le
1934 1857 2014 1948 quid
2036 1863 2072 1954 in

546 1957 617 2027 aliis
639 1955 777 2026 metallis
794 1954 915 2026 notavi.
968 1948 1046 2022 lloc
1066 1950 1229 2020 monitum
1255 1950 1288 2019 in
1314 1947 1485 2020 Mercurio
1509 1970 1578 2021 nou
1603 1950 1703 2023 hahet
1724 1953 1863 2040 locum,
1890 1953 1958 2027 Sed
1976 1952 2072 2028 Mer·
2176 2011 2183 2018 ,.

544 2055 630 2126 curii
651 2049 722 2123 sunt
745 2050 856 2122 multae
879 2068 1016 2139 quoque
1038 2044 1181 2137 species,
1205 2042 1453 2117 Thumeillerus
1478 2044 1560 2118 ultra
1586 2048 1643 2140 36.
1667 2053 1887 2123 enumerarit.v

595 2161 626 2260 i.
654 2160 910 2235 MCCCCXIl.
936 2158 1077 2255 Magna:
1098 2161 1196 2229 etiam
1217 2160 1386 2229 varietates
1409 2156 1679 2231 offendunturin
1704 2162 1915 2252 pensionibus
1932 2143 2071 2256 pamiu‘m

412 2334 417 2345 ,
548 2261 778 2345 Animalium,
809 2262 856 2330 uti
888 2277 977 2349 patet
998 2260 1038 2327 in
1068 2254 1210 2327 Eboret-
1237 2273 1279 2325 ex
1298 2254 1401 2326 dente
1430 2257 1518 2327 enim
1552 2255 1717 2348 elephanti
1742 2257 1845 2331 solido
1869 2261 2072 2337 abscindatur

548 2381 624 2452 pars
645 2358 795 2451 quadam
815 2376 919 2448 prope
940 2358 1096 2445 apicem3
1130 2352 1191 2423 alia
1207 2370 1253 2422 eu
1273 2351 1351 2428 loco
1375 2352 1597 2424 intermedio:
1636 2354 1699 2425 alia
1721 2375 1829 2447 prope
1852 2358 2003 2430 radicem
2013 2381 2073 2431 ca·

546 2479 642 2541 vam,
665 2457 779 2527 harum
803 2457 899 2526 trium
919 2453 1059 2543 partium
1081 2471 1151 2522 non
1171 2470 1286 2540 patum
1309 2448 1505 2544 discrepabit
1522 2451 1659 2542 pondus
1676 2449 1881 2543 specificam:
1905 2456 2070 2547 previdete

543 2552 636 2624 idem
659 2552 861 2623 observatum
885 2551 944 2633 iri,
967 2569 1065 2639 prout
1085 2548 1166 2618 dens
1189 2568 1231 2619 ex
1255 2545 1430 2637 elephanto
1452 2550 1630 2641 vegetiori,
1649 2548 1858 2636 robustiori,
1882 2553 2087 2639 annosiori,

545 2649 708 2743 juniorive
737 2648 920 2732 exciderit,
955 2662 1025 2716 tum
1056 2664 1156 2735 prout
1180 2646 1342 2715 recentior
1366 2643 1519 2714 ficciorve
1542 2643 1651 2716 suerit.
1701 2645 1823 2719 Nullus
1845 2649 1965 2721 dubito
1990 2654 2071 2742 quia

549 2768 591 2817 ex
616 2746 747 2819 diverfis
769 2744 960 2816 animalibus
989 2740 1100 2812 solidae
1126 2759 1233 2831 partes
1257 2760 1369 2829 parem
1388 2737 1543 2810 habiturae
1569 2742 1629 2812 srut
1653 2740 1815 2813 densitatis
1839 2744 2074 2821 differentiam:

548 2842 584 2915 id
604 2843 728 2937 posteri
749 2862 792 2913 ex
813 2841 960 2938 diligenti
982 2841 1281 2929 experimentorum
1305 2836 1506 2904 institutione
1529 2853 1749 2927 cognoscent.

607 2954 638 3053 i.
671 2952 965 3029 MCCCCXIIL
996 2948 1037 3017 In
1058 2947 1223 3041 lignorum
1244 2945 1399 3036 gravitate
1420 2940 1569 3034 specifica
1585 2947 1689 3014 etiam
1714 2964 1868 3041 magnum
1894 2946 1941 3019 est
1961 2947 2077 3023 discri-

547 3072 658 3132 men,
691 3069 788 3140 prout
808 3048 970 3116 recentius
991 3040 1037 3110 est
1060 3042 1179 3110 caesunt
1203 3034 1238 3107 δι
1263 3039 1409 3106 humoris
1441 3036 1604 3128 plenum,
1638 3039 1689 3110 vel
1721 3042 1831 3113 calore
1856 3042 1891 3115 dt
1917 3053 2075 3139 temporis

547 3146 758 3219 diuturnitate
781 3143 883 3234 magis
905 3140 1053 3205 minusve
1072 3135 1285 3205 exliccatumt
1307 3129 1417 3226 Ligna
1437 3132 1586 3224 quaednn
1612 3133 1724 3209 Indica
1740 3135 1985 3215 &Americana
1998 3165 2075 3220 etra-

546 3235 702 3323 aninavi,
728 3238 856 3307 nescius
881 3230 1036 3324 quamdiu
1059 3229 1178 3301 servata
1200 3226 1338 3299 fuerint:
1364 3228 1486 3302 credidi
1509 3231 1659 3322 prestare
1683 3236 1922 3331 qualiacunque
1947 3262 2076 3316 memo·

551 3341 609 3412 riae
629 3333 780 3406 mandare
798 3331 996 3413 tentamina,
1020 3348 1118 3418 quarn
1132 3329 1172 3397 in
1194 3324 1292 3396 densa
1313 3327 1517 3421 ignoratione
1541 3328 1673 3418 versari,
1698 3337 1840 3430 corrigat
1863 3331 1991 3420 nostra,
2017 3341 2076 3431 qui

549 3432 685 3506 meliori
706 3429 927 3523 oportunitate
949 3424 1076 3496 fruitur.
1134 3425 1173 3495 ln
1203 3421 1301 3517 lignis
1329 3443 1403 3514 quae
1429 3424 1483 3497 hic
1505 3424 1680 3499 Terrarum
1703 3430 1902 3516 ceduntur,
1936 3431 2016 3507 sanis
2039 3436 2077 3510 dc

552 3533 643 3606 -bene
665 3526 846 3600 constitutis
869 3522 1092 3614 deprehendi,
1116 3540 1243 3612 partes,
1270 3541 1344 3610 quae
1361 3521 1541 3594 medullam
1557 3522 1627 3594 live
1647 3528 1814 3614 madium,
1837 3531 1891 3604 vel
1906 3531 1981 3607 Cor
1993 3556 2080 3609 cort·

553 3629 707 3713 stimant,
724 3620 798 3694 else
820 3620 970 3713 specifice
991 3618 1155 3713 graviores
1174 3637 1272 3708 quam
1297 3637 1371 3706 quae
1394 3616 1598 3691 Alburnum:
1631 3621 1719 3740 Qua
1740 3627 1828 3722 'inter
1853 3627 1989 3702 Cor&
2016 3633 2080 3706 Al-

549 3727 699 3812 bannum
727 3716 1046 3801 suntinttrmediae,
1079 3715 1150 3786 liant
1168 3715 1367 3785 intermedia
1391 3717 1553 3809 gravitatls
1585 3717 1769 3807 specrficaes
1803 3722 1947 3823 Lignum
1972 3741 2079 3822 prope

553 3825 705 3896 radicem
727 3819 853 3892 arboris
885 3818 1012 3909 gravius
1045 3812 1092 3882 est
1120 3831 1217 3903 quam
1239 3811 1273 3880 in
1296 3809 1408 3879 media
1441 3814 1546 3881 trunci
1563 3812 1769 3903 altitudine,
1795 3817 1838 3890 dt
1863 3822 1929 3895 hoc
1953 3831 2080 3919 gravius

554 3940 659 4013 quam
684 3920 717 3987 in
741 3914 920 3986 summitate
950 3910 1096 3993 arboris,
1129 3907 1284 3999 quamdiu
1308 3926 1428 3997 nempe
1445 3907 1582 3977 arbores
1606 3910 1713 3983 adhuc
1732 3934 1916 3988 crescunt:
1948 3922 2080 3996 Arbore
2124 3944 2127 3948 ’

555 4040 629 4092 non
654 4012 790 4105 amplius
815 4028 982 4080 crescente
991 4058 1011 4092 .,
1039 4006 1081 4076 fit
1106 4005 1180 4077 Cor
1202 4025 1278 4075 cum
1309 4006 1399 4073 omni
1419 4004 1513 4099 ligno
1537 4005 1648 4075 medio
1672 4006 1842 4081 Corticem
1866 4013 1972 4087 versus
1996 4008 2080 4111 ejus

559 4116 636 4187 dem
662 4110 846 4183 densitatis:
885 4106 1068 4177 declinante
1090 4105 1214 4174 arboris
1236 4105 1373 4197 vigore,
1399 4121 1641 4191 nonnunquam
1671 4103 1748 4175 Cor
1769 4106 1862 4202 ligno
1886 4111 2082 4190 intermedio

559 4208 756 4296 leviusest,
788 4201 915 4278 imo&
942 4204 1106 4276 Alburno.
1162 4197 1321 4270 Praeterea
1340 4198 1509 4294 lignorum
1533 4200 1704 4271 densitates
1726 4204 1938 4280 vehementer
1960 4210 2082 4285 deere-

557 4329 660 4403 pant,
692 4325 791 4399 prout
815 4308 854 4373 in
885 4303 978 4369 variis
1005 4315 1175 4370 creverunt
1204 4296 1419 4393 regionibus,
1450 4299 1521 4367 imo
1554 4295 1710 4371 differunt
1731 4304 1766 4372 in
1783 4302 1901 4375 eadem
1922 4309 2082 4404 regione,

557 4427 660 4498 prout
683 4408 716 4476 in
738 4401 810 4473 solo
834 4396 1031 4482 humidiori,
1056 4395 1212 4479 sseciori,
1236 4395 1370 4477 altiori,
1392 4397 1499 4489 magis
1523 4398 1668 4467 minusve
1693 4400 1797 4471 ventis
1812 4402 1987 4493 expolito,
2012 4427 2085 4480 cre·

557 4505 691 4573 verint:
725 4500 759 4569 id
780 4502 813 4567 in
836 4496 931 4566 variis
953 4496 1111 4567 Abietum
1136 4489 1172 4563 dt
1197 4489 1391 4586 Quercuum
1417 4490 1577 4581 specubus
1600 4493 1804 4567 manifestum
1829 4498 1901 4570 est:
1933 4499 2084 4577 Mersen·

557 4620 624 4671 nus
648 4598 728 4667 olim
750 4594 894 4685 pulcram
919 4593 1040 4664 invenit
1061 4590 1252 4661 methodum
1276 4587 1364 4682 ligna
1385 4589 1418 4658 in
1439 4590 1538 4679 Aqua
1561 4591 1792 4680 examinandi,
1817 4615 1855 4665 ea
1882 4596 1994 4673 leviter
2018 4602 2081 4673 ob·

558 4694 717 4766 ¹ducendo
734 4690 821 4761 Cera
841 4709 883 4759 ne
905 4710 988 4777 aqua
1009 4694 1145 4779 irrepat:
1172 4686 1373 4777 ponderabat
1395 4683 1506 4778 sicca,
1531 4708 1638 4779 pura,
1663 4687 1782 4763 deinde
1807 4691 1949 4768 obduiia
1974 4695 2081 4787 Cera,

561 4788 684 4864 deinde
708 4790 742 4858 in
769 4787 884 4877 Aqua,
910 4784 1125 4857 subtrahendo
1147 4784 1278 4874 pondus
1299 4780 1395 4856 Cerae
1418 4784 1451 4855 iu
1475 4784 1577 4876 Aqua
1599 4783 1748 4861 amissum
1773 4789 1855 4886 (a)
1880 4811 1994 4868 rerum
2014 4813 2084 4867 tan-

561 4907 603 4961 to
626 4884 793 4957 molimine
819 4904 903 4974 opus
925 4905 995 4953 nou
1017 4884 1083 4967 est,
1108 4881 1315 4988 pinguedinis
1338 4880 1418 4953 leuis
1441 4879 1578 4955 afftisiio
1599 4881 1730 4976 'sufficia
1746 4926 1759 4978 ς
1906 4960 1911 4968 ,

1611 4997 1715 5020 ----
1744 5003 1751 5018 ·
1783 4973 2088 5077 gnt‘ccecw.

601 5078 660 5164 (ι)
681 5077 833 5148 uetant
851 5076 998 5141 rumen.
1019 5023 1163 5155 nam
1182 5017 1250 5156 ,¹232
1270 5025 1337 5152 1⁸5ss
