4992 6767
539 722 1100 818 nrrnnncrnnmnrr
1128 743 1184 818 aa
1209 744 1266 819 nn
1296 722 1629 818 coturnus.
1763 742 1850 845 ⁴725

320 952 361 1006 ae·
382 925 515 1013 ABC,
539 946 657 997 omnes
680 922 812 997 colores
841 923 1007 1000 succeffive
1026 926 1145 1022 conjici
1161 930 1193 1000 in
1217 926 1353 999 alterum
1378 928 1498 1017 prisma
1521 928 1596 998 abc
1620 924 1767 1016 poliunt,
1793 933 1850 1017 qui

325 1028 448 1101 refracti
469 1024 579 1095 denuo
605 1022 862 1093 observabuntur
885 1026 969 1094 inter
990 1024 1034 1096 M
1061 1023 1096 1097 dt
1119 1026 1181 1110 Ν,
1207 1027 1353 1118 quamvis
1378 1044 1494 1094 omnes
1516 1045 1604 1096 nunc
1628 1023 1746 1094 eidem
1770 1026 1850 1093 inci·

313 1123 429 1196 dentis
450 1120 490 1191 ad
517 1122 641 1211 prisma
668 1122 741 1192 abc
765 1122 1229 1208 pervenerint‚.nihilominus
1256 1120 1541 1213 deprehenduntur
1561 1120 1697 1195 violacei
1712 1119 1786 1212 plus
1803 1140 1852 1192 re·

323 1219 417 1315 sringi
443 1219 548 1290 rubris
570 1220 603 1288 itt
632 1217 692 1288 bac
717 1216 856 1287 secunda
878 1216 1087 1292 reliadiione..
1286 1275 1291 1290 ,
1421 1267 1424 1274 -
1627 1257 1631 1264 =

370 1340 403 1438 ς.
428 1332 720 1411 MDcccxtlt.
754 1331 923 1427 Quoniam
946 1337 1023 1406 radii
1052 1338 1139 1410 rubri
1164 1341 1272 1411 minus
1293 1338 1424 1431 reliquis
1448 1341 1544 1411 radiis
1565 1340 1718 1411 coloratis
1738 1341 1851 1414 resrin·

323 1458 466 1535 gantur,
491 1434 688 1505 constantius
713 1435 746 1501 in
774 1433 825 1501 via
845 1428 898 1499 sua
922 1452 1090 1529 permrnt,
1124 1435 1143 1503 ὸ
1168 1458 1231 1525 qua
1254 1441 1361 1508 minus
1386 1461 1403 1507 a
1425 1440 1455 1508 vi
1480 1437 1656 1508 attrahente
1681 1434 1716 1507 ὅ(
1738 1439 1849 1511 refrin-

349 1554 424 1607 ente
449 1532 567 1603 turbari
588 1545 789 1622 potuerunt:
815 1527 965 1617 adeoque
989 1532 1010 1600 d
1038 1530 1147 1627 Leges
1175 1532 1390 1605 Machanicas
1413 1534 1580 1624 hucusque
1601 1537 1748 1629 cognitas
1771 1557 1851 1607 con·

325 1555 486 1714 dulamus,
511 1629 623 1721 majori
638 1628 679 1697 ¹vi
697 1623 881 1716 particula,
906 1626 1013 1698 radios
1028 1631 1143 1699 rubros
1161 1650 1423 1721 componentes,
1449 1641 1638 1703 moventur:
1664 1652 1759 1702 erunt
1774 1654 1850 1722 pro·

326 1728 418 1814 inde,
445 1725 549 1816 posta
572 1725 686 1794 eadem
709 1722 894 1802 celeritate,
920 1722 971 1792 vel
994 1725 1132 1817 majores
1154 1724 1206 1796 vel
1234 1727 1396 1798 densores
1420 1730 1559 1800 aliorum
1579 1727 1728 1797 colorum
1752 1731 1850 1817 parti·

323 1817 425 1907 culis,
450 1820 500 1892 vel
524 1821 660 1892 celerius
689 1821 728 1888 iis
750 1837 969 1908 procurrent,
1005 1824 1061 1892 nisr
1087 1823 1166 1912 quid
1188 1822 1275 1892 aliud
1297 1828 1329 1894 in
1353 1824 1487 1895 Naturae
1511 1825 1667 1913 mysteriis
1696 1824 1749 1893 hic
1773 1824 1853 1894 deli·

326 1939 452 1989 rescat.v
488 1915 592 2010 Quod
619 1918 672 1985 hic
696 1914 854 2004 suspicor,
879 1917 954 2004 quia
980 1918 1059 1989 radii
1085 1920 1173 1988 rubri
1202 1920 1274 2010 poll
1295 1920 1520 1991 resradtionenr
1550 1937 1574 1991 a'
1590 1924 1674 1991 vitro
1703 1922 1982 2008 videndam.-

317 2015 443 2085 ·lentius
467 2014 618 2084 violaceis
640 2012 801 2082 incedere.
852 2010 901 2080 Sit
924 2018 1010 2085 eninr
1042 2014 1118 2086 RO
1142 2014 1297 2087 velocitas
1317 2022 1417 2089 totius
1441 2019 1520 2088 radii
1537 2018 1658 2088 Solaris
1680 2017 1850 2089 incidentis
1859 2003 1912 2064 ΗΒ·
1934 2013 1956 2057 ¹·

325 2112 458 2203 oblique
484 2114 518 2179 in
543 2107 780 2192 vitrumllB,
816 2129 889 2197 quae
914 2109 1088 2193 resolvatur
1109 2115 1142 2182 in
1167 2111 1244 2185 RC
1269 2109 1305 2184 dt
1332 2114 1437 2204 CO,
1474 2136 1608 2205 quarum
1633 2114 1715 2186 RC
1741 2134 1850 2185 aranee

321 2210 506 2290 immutata,
531 2209 627 2295 eique
653 2205 690 2274 dt
710 2202 843 2294 aqualis
868 2203 936 2273 Ol.
962 2211 1088 2278 ratione
1113 2209 1192 2277 CO
1218 2211 1417 2281 acceleretur
1441 2214 1547 2280 radius
1571 2213 1696 2291 ruber,
1730 2230 1766 2281 ut
1792 2210 1849 2283 liat

323 2301 423 2388 OD,
457 2305 518 2372 erit
545 2302 693 2372 celeritas
727 2301 821 2388 hujus
849 2301 928 2368 radii
952 2306 1038 2372 rubri
1061 2322 1097 2372 ut
1120 2301 1212 2396 ΟΧ,
1249 2302 1283 2371 &
1308 2308 1387 2372 radii
1410 2306 1546 2374 violacei
1569 2308 1615 2373 uti
1644 2305 1736 2390 OS,
1771 2330 1847 2377 nam

323 2399 398 2492 plus
421 2398 628 2492 refringitur,
653 2397 708 2464 sed
732 2394 777 2461 eli
801 2393 871 2461 OF
894 2397 1003 2464 minor
1023 2415 1122 2494 quam
1149 2395 1234 2479 OS,
1258 2397 1409 2489 adeoque
1438 2402 1546 2467 minor
1571 2402 1631 2466 erit
1653 2401 1799 2470 celeritas
1817 2406 1853 2473 in

323 2516 416 2587 radio
438 2514 539 2581 rubro
562 2509 635 2599 post
661 2507 907 2590 refractionem,
934 2529 1029 2599 quam
1050 2514 1084 2584 in
1110 2511 1276 2585 violaceo:
1303 2510 1337 2585 dt
1363 2516 1446 2587 vires
1467 2534 1579 2600 erunt,
1607 2515 1652 2582 uti
1678 2497 1787 2603 (ῆῖ,
1812 2516 1854 2588 ad

326 2614 422 2699 'o's‘i
447 2630 557 2721 positis
581 2627 773 2721 corporibus
797 2634 881 2715 paris
903 2636 1132 2724 magnitudinis
1154 2630 1190 2703 dt
1214 2633 1391 2705 densitatis:
1416 2634 1539 2709 vocatis
1562 2654 1669 2707 autem
1693 2638 1853 2733 magnitu-

327 2725 457 2796 dinibus
481 2727 617 2816 partium
643 2725 707 2811 Μ,
731 2746 784 2808 m,
809 2723 1075 2807 &densitatibus
1100 2727 1161 2815 Ι),
1186 2730 1219 2801 d.
1244 2751 1339 2802 erunt
1366 2735 1448 2803 vires
1474 2753 1550 2803 totae
1581 2735 1780 2822 inpartibus
1802 2757 1852 2806 ra·

317 2831 456 2918 'diorum
484 2852 653 2921 rubrorum
683 2872 723 2908 =
749 2845 792 2913 nl
815 2860 852 2926 >e
879 2845 915 2916 D
942 2861 978 2926 κ
1007 2827 1106 2917 O'Fq.
1139 2841 1174 2917 dt
1206 2849 1241 2917 in
1271 2849 1414 2939 partibus
1440 2825 1609 2920 radiorum
1628 2847 1850 2919 violaccorum

325 2996 367 3036 ε
392 2996 425 3042 m
449 2983 485 3048 >c
510 2970 535 3039 d
556 2982 592 3047 sc
621 2950 714 3037 O-Sq.
763 2962 846 3035 Non
869 2966 996 3035 necesse
1014 2965 1082 3046 est,
1101 2985 1137 3032 ur
1160 2970 1264 3037 ambae
1287 2969 1337 3039 lrae
1355 2975 1548 3060 quantitates
1569 2971 1629 3041 snt
1650 2972 1733 3039 inter
1758 2970 1789 3039 se
1810 2991 1853 3039 ae·

317 3068 456 3161 quales,
481 3083 636 3157 poterunt
656 3059 794 3133 multura
817 3061 1017 3153 discrepare,
1046 3054 1081 3129 dt
1105 3062 1148 3127 ita
1171 3082 1306 3150 quoqne
1325 3067 1429 3148 vires,
1456 3066 1574 3154 quibus
1595 3065 1696 3135 visum
1721 3064 1850 3136 feriunt.

325 3167 480 3238 Attamen
498 3159 677 3231 verofimile
699 3156 768 3242 est,
789 3157 899 3228 rubras
921 3154 1093 3248 particulas
1114 3158 1183 3245 pari
1205 3156 1377 3229 velocitate
1400 3181 1438 3231 ac
1461 3181 1515 3230 eas
1539 3159 1739 3251 reliquorum
1759 3159 1852 3230 colo·
1889 3199 1954 3251 m.

325 3283 421 3345 tum,
444 3256 599 3352 quamdiu
622 3255 694 3326 sunt
713 3256 748 3325 in
768 3253 859 3332 radio
885 3252 990 3325 Solari
1005 3304 1026 3340 ,¹
1041 3272 1081 3320 ex
1099 3251 1258 3322 omnibus.
1275 3254 1443 3327 coloribus
1465 3256 1659 3339 constante,
1693 3249 1727 3322 dt
1748 3264 1966 3334 ununrmw·

327 3358 489 3452 quendam
504 3351 691 3425 fasciculum
712 3371 959 3440 componente,
982 3349 1126 3440 moveri,
1151 3348 1302 3420 nondum
1319 3349 1431 3423 secreti
1448 3357 1482 3424 in
1503 3351 1648 3423 colores:
1673 3370 1736 3420 nec
1760 3350 1849 3421 vide·
1877 3341 1909 3389 ¹⁸·
1927 3337 1954 3381 ⁴·

326 3477 378 3529 tur
406 3450 539 3542 aliquod
568 3447 748 3519 velocitatis
777 3444 945 3516 discrimen
979 3444 1075 3516 radiis
1103 3441 1246 3535 ejusdem
1274 3446 1396 3517 coloris
1424 3449 1531 3519 inferri
1551 3446 1689 3530 avarlis
1712 3446 1849 3532 mediis,

326 3570 468 3646 quorum
491 3550 540 3615 vis
563 3539 759 3635 resrlngendi
781 3538 899 3609 differt.
958 3538 1048 3632 Quia
1076 3537 1099 3607 li
1122 3540 1229 3609 radius
1255 3540 1418 3613 coloratus
1442 3544 1612 3634 aliquoties
1635 3542 1781 3631 permedt
1800 3548 1850 3615 n-

328 3666 446 3739 quam,
471 3641 576 3723 Olea,
601 3629 759 3727 Spiritus,
783 3633 901 3718 Vitra,
927 3631 1124 3722 Crystallum
1150 3629 1216 3702 dte.
1242 3633 1366 3725 semper
1381 3640 1515 3708 eandem
1532 3636 1848 3731 refrangibilitatem,

328 3744 487 3829 suumque
514 3735 660 3805 colorem
686 3733 888 3800 immutatum
914 3728 1121 3821 spedandurn
1145 3730 1289 3818 prabet,
1314 3730 1391 3803 licet
1412 3733 1519 3803 radius
1535 3731 1849 3821 secundumaliquos

328 3843 365 3910 in
396 3833 527 3904 transtu
557 3852 617 3921 per
644 3828 752 3898 media
776 3845 952 3896 memorata
978 3844 1065 3896 nunc
1089 3821 1192 3912 plus,
1224 3845 1314 3896 nunc
1336 3830 1442 3899 minus
1463 3828 1714 3910 acceleraretur,
1740 3825 1850 3900 secun-

328 3936 407 4006 dum
431 3930 511 3999 alios
533 3921 747 4017 philosophos
775 3922 994 4013 retardaretur.
1051 3915 1133 3990 Non
1159 3937 1266 3989 autern
1295 3923 1402 3995 radius
1425 3927 1548 3996 tantum
1574 3922 1671 3994 semel
1698 3925 1730 3991 in
1755 3923 1850 3995 colo·

326 4052 378 4103 res
405 4028 591 4115 separatus,
617 4015 652 4088 dt
678 4017 793 4088 oculos
816 4018 935 4088 intrans
959 4016 1075 4089 eadem
1098 4014 1271 4086 velocitate
1295 4017 1370 4087 ferri
1393 4021 1518 4108 potest,
1542 4042 1581 4092 ac
1605 4023 1662 4110 qui
1686 4017 1759 4110 post
1782 4022 1850 4111 pri·

325 4133 411 4199 mam
432 4121 641 4192 secretionem
667 4116 700 4184 in
728 4114 877 4201 colores,
901 4114 1020 4185 deinde
1042 4112 1155 4201 sapius
1178 4133 1202 4178 a·
1221 4114 1315 4183 variis
1339 4114 1454 4182 mediis
1476 4115 1685 4206 refringitur,
1720 4111 1754 4184 dt
1780 4135 1850 4186 tum

327 4219 458 4295 oculum
479 4215 676 4311 ingreditur3
701 4209 785 4281 adeo
808 4205 844 4279 ut
866 4210 960 4280 color
990 4210 1131 4299 primum
1153 4205 1314 4292 inspectus
1336 4207 1510 4297 plurimum
1535 4208 1663 4278 differre
1687 4231 1706 4277 a
1734 4203 1849 4279 color'e

325 4318 434 4411 pollea
464 4297 609 4402 inspe'dl'o
639 4307 797 4378 deberet:
832 4306 923 4395 quod
946 4315 1059 4377 verum
1086 4300 1254 4370 nonest:
1290 4301 1343 4373 sed
1365 4302 1451 4374 cadit
1473 4306 1602 4394 penitus
1625 4302 1779 4373 sententia
1806 4301 1849 4374 de

316 4417 409 4490 'varia
431 4386 629 4480 natatoriam
654 4408 688 4474 in
715 4402 807 4474 radio
832 4402 917 4473 Solis
939 4400 1124 4482 celeritate,
1151 4409 1170 4465 a'
1193 4395 1394 4490 philosophis
1417 4400 1519 4471 modo
1536 4397 1666 4470 assumta
1692 4397 1799 4492 (a),
1824 4400 1847 4471 sr

315 4501 538 4582 'attendamus'
560 4502 602 4571 ad
632 4496 1014 4590 Satellitum'Jovialium
1043 4490 1177 4585 eclipses
1204 4514 1269 4589 ope
1302 4495 1474 4591 longiffimi
1496 4496 1585 4570 Tubi
1616 4496 1660 4567 16
1683 4494 1759 4590 ped.
1794 4495 1846 4567 vel

315 4603 522 4702 'Gregoriani
538 4594 843 4705 quatporpedum,
869 4619 937 4693 quo
960 4594 1033 4669 usus
1054 4590 1116 4665 suit
1140 4587 1355 4667 solertissimus
1374 4591 1494 4682 Short,
1518 4593 1680 4689 spatians.
1730 4587 1847 4764 Quad-

1435 4737 1439 4744 ·
1528 4721 1533 4728 ’
1824 4710 1846 4764 o

313 4887 329 4918 ‘
402 4890 460 4973 (a)
486 4890 605 4969 Journal
636 4887 687 4949 des
714 4887 866 4973 meant,
893 4891 950 4961 Aa.
979 4902 1066 4975 ιω.
1094 4902 1161 4970 pag.
1193 4902 1264 4956 aaa.
1310 4885 1477 4960 L’llilloire
1506 4886 1544 4955 de
1570 4884 1843 5002 sladem-noya

485 4970 813 5050 mmmmm

1603 5015 1653 5056 dla-
1671 5033 1714 5054 ηδ
1739 5023 1792 5073 ,11
