4992 6767
788 664 928 758 DE
1082 666 1413 757 iGNId.
1774 679 1872 792 643

335 879 451 972 pieote
475 869 510 949 δι
534 869 819 946 l'hetmometrum
846 863 1020 958 aliquoties
1051 861 1181 940 tollatur
1213 887 1255 935 ex
1290 864 1413 957 Spiritu
1437 860 1607 938 &denuo
1631 871 1860 969 immergatur,
1971 935 1979 946 ,

342 973 526 1048 Mercuritu
548 972 582 1042 in
604 989 648 1040 eo
669 964 873 1040 descendeus
897 962 1037 1034 ostendit
1060 965 1169 1058 augeri
1193 961 1305 1060 frigus.
1413 1001 1418 1010 .

392 1073 469 1144 sarrs
486 1066 670 1160 jucundum
689 1063 737 1136 est
756 1064 1044 1155 experimentum,
1069 1061 1091 1130 fi
1115 1057 1249 1132 frustum
1274 1061 1364 1132 lintei
1388 1062 1423 1133 in
1448 1063 1564 1136 medio
1582 1066 1791 1156 perforetur,
1823 1093 1863 1146 ut·

342 1166 508 1242 transmitti
539 1167 639 1236 tubus
674 1160 914 1233 Thermometri
945 1155 1069 1249 polstt,
1101 1157 1234 1228 linteum
1261 1159 1394 1256 obtegat
1424 1161 1562 1233 bulbum
1594 1162 1859 1255 Thermometri,

339 1261 591 1354 immittaturque
610 1259 787 1342 Alcoholi,
813 1278 882 1327 turn
906 1255 1088 1325 extrahatur
1109 1275 1149 1325 ex
1173 1255 1266 1341 vase,
1292 1251 1327 1325 δι
1352 1279 1465 1329 uentus
1490 1280 1531 1329 ex
1556 1257 1634 1330 solle
1660 1263 1797 1353 pellatur
1819 1269 1859 1340 in

335 1362 492 1448 linteum,
518 1381 593 1431 nam
610 1356 719 1430 multis
731 1354 884 1454 gradibus
905 1352 1073 1422 descendit
1097 1349 1238 1423 fluidum
1263 1354 1295 1422 iu
1311 1353 1575 1428 Thernronretro.
1628 1360 1755 1432 Baumd
1778 1362 1855 1436 facit

331 1461 592 1550 experimentum
621 1454 766 1546 sequenti
790 1451 893 1522 mod'o
916 1450 1008 1545 (a).
1058 1449 1107 1520 Sit
1130 1451 1266 1542 Spiritus
1286 1450 1464 1523 AEthereus
1487 1457 1520 1525 in
1547 1455 1656 1527 Phiala
1673 1457 1772 1547 spatio
1795 1461 1854 1532 ali·

333 1575 420 1647 quot
435 1555 588 1627 horarum
606 1556 640 1625 in
659 1551 776 1622 eodem
792 1548 890 1635 loco,
908 1549 984 1617 huic
1001 1546 1131 1638 Spiritui
1149 1549 1338 1618 immittatur
1351 1549 1617 1622 thennometturn
1633 1558 1764 1646 capiens
1780 1557 1853 1649 Sps*

335 1656 433 1722 ritum
455 1651 553 1736 Vini,
577 1648 742 1722 descendit
763 1647 899 1737 Spiritus
921 1644 1115 1740 semigradu:
1143 1644 1195 1714 sed
1230 1644 1253 1714 fi
1275 1648 1462 1717 immittatur
1481 1646 1699 1736 Mercuriale,
1722 1651 1853 1726 descen÷

332 1749 383 1818 dit
404 1747 591 1819 Mercurius
613 1767 681 1818 uno
703 1743 822 1842 gradu:
849 1741 1039 1812 lnfundatur
1058 1743 1194 1833 Spiritus
1215 1740 1396 1811 AErhereus
1413 1743 1497 1814 vitro
1521 1746 1747 1830 mundissimo,
1771 1770 1856 1821 terrr-

334 1865 418 1937 pote
440 1846 495 1916 sex·
519 1845 744 1922 Minutotum,
770 1838 944 1912 descendet
972 1838 1080 1928 liquor
1108 1842 1140 1909 in
1175 1837 1368 1908 florentino
1399 1861 1433 1928 4.
1458 1842 1637 1934 gradibus:
1670 1845 1856 1920 extrahatur

334 1941 601 2013 thennometrum
633 1963 674 2012 ex
701 1939 869 2019 AEthere,
900 1954 1020 2030 perget
1043 1935 1150 2025 liquor
1183 1934 1321 2004 multum
1350 1937 1381 2005 in
1415 1955 1457 2005 eo
1484 1937 1702 2010 descendere:
1735 1944 1857 2017 iterum

333 2040 524 2111 immittatur
544 2038 690 2122 AEtheri‚
714 2035 877 2108 adscendit
898 2035 1005 2123 liquor
1026 2032 1242 2122 aliquantum:
1270 2030 1323 2103 sed
1339 2031 1487 2103 celeriter
1511 2034 1778 2109 thermometrum
1795 2062 1854 2112 ex·

333 2137 513 2221 trahendo,
529 2136 632 2208 rursus
646 2131 894 2230 immergendo,
920 2127 1166 2201 &extrahendo
1183 2129 1376 2220 aliquoties,
1402 2128 1510 2220 liquor
1522 2130 1688 2205 descendit
1708 2157 1720 2205 r
1730 2155 1762 2228 3.
1778 2158 1852 2233 gra-

332 2236 427 2307 dibus
455 2234 489 2304 in
516 2233 768 2305 Thennometro
798 2229 887 2300 infra
907 2227 1049 2299 calorem
1085 2229 1214 2309 Astis,
1239 2246 1275 2295 ut
1306 2226 1409 2295 modo
1443 2227 1540 2299 suerit-
1575 2252 1644 2306 uuo
1675 2233 1777 2324 gradu
1801 2235 1854 2307 su·

330 2353 388 2424 pra
406 2349 517 2401 notum
539 2329 792 2426 congelationis:
821 2325 1008 2395 Mercurius
1027 2327 1061 2391 in
1083 2323 1339 2390 Thermometro
1365 2321 1555 2394 Mercuriali
1580 2325 1744 2399 deseendit
1766 2329 1851 2402 insta

331 2447 441 2501 uotam
464 2429 721 2522 congelationis:
746 2423 769 2490 st
791 2420 913 2490 bulbus
935 2417 1177 2487 Thermometri
1202 2415 1325 2486 Ceraso
1350 2419 1452 2510 major
1476 2442 1544 2492 non
1569 2420 1686 2506 fuerit,
1711 2429 1851 2515 ceperit·

330 2525 572 2616 quenquam,
597 2541 635 2589 ea
659 2520 726 2589 hoc
743 2519 841 2607 padio
863 2516 1032 2607 aliquoties
1056 2514 1187 2605 Spiritui
1212 2514 1355 2586 aethereo
1386 2516 1532 2588 immissa.
1554 2513 1597 2590 dr.
1621 2520 1769 2593 celeriter
1791 2544 1850 2594 ert,

330 2623 457 2700 arada,
482 2636 622 2686 vertetur
645 2617 677 2683 in
700 2615 849 2706 glaciem.

384 2713 417 2784 Si
450 2733 505 2783 vas
534 2732 616 2780 cum.
632 2707 773 2779 AEthere
804 2706 925 2776 sleteri't
956 2706 988 2774 in
1014 2704 1116 2798 glacie
1147 2726 1216 2775 tutu
1247 2727 1342 2796 aeque
1366 2709 1511 2803 srig‘rd'a,
1542 2713 1610 2783 uafi'
1631 2716 1851 2791 immittam

333 2809 610 2888 Thenrromeua‚
646 2805 729 2876 {lant
750 2804 885 2873 immota
905 2806 937 2871 in
963 2801 1080 2870 eodem
1105 2803 1234 2896 gradu,
1268 2801 1322 2872 sed
1358 2803 1497 2875 liveriis
1521 2808 1646 2878 vicibus
1670 2813 1846 2884 immittan-

330 2927 405 2984 tur,
439 2900 474 2972 δι’
504 2902 710 2971 extrahantur
733 2919 775 2968 ere
805 2897 976 2977 AEthere‚
1006 2897 1116 2984 liquor
1138 2899 1171 2966 in
1197 2896 1391 2970 Florentino
1415 2898 1589 2972 descendet
1613 2922 1647 2995 5.
1671 2905 1852 3000 gradibus,

330 3005 363 3073 i'n
393 2991 581 3071 Mercuriali
606 3018 640 3089 7.
664 2994 816 3091 gradibus
836 2991 919 3066 insta
938 3013 1049 3062 notam
1071 2989 1319 3086 congelationis.

385 3097 522 3188 Spiritus
553 3091 630 3164 Vini
657 3095 692 3162 in
718 3090 822 3186 glacie
844 3090 996 3180 pofitus,
1030 3089 1140 3158 nmilia
1170 3087 1335 3184 refrigeria
1364 3096 1397 3162 in
1423 3090 1681 3166 Thermomertis
1704 3097 1847 3184 excitu,

330 3195 476 3288 quantus
499 3192 634 3262 minora.
667 3184 744 3259 Hoc
767 3188 871 3257 modo
893 3184 986 3280 algor
1010 3184 1124 3256 arlli'tris
1149 3185 1312 3257 menfibus
1338 3188 1449 3258 haberi
1474 3189 1591 3281 potest'.

389 3291 520 3361 loterim
551 3290 592 3357 ab
613 3285 684 3358 aliis
712 3281 919 3374 Philosophis
947 3300 1152 3370 compertum
1185 3280 1258 3365 ell,
1301 3283 1635 3359 siThermometrum
1657 3290 1847 3364 immittatur

331 3387 482 3460 Essentire
510 3379 836 3475 Caryoplty'llorum,
869 3378 958 3449 ΘΙεο
986 3377 1183 3463 Olivarum,
1217 3378 1307 3451 Oleo
1329 3380 1432 3468 Lini,
1466 3381 1646 3471 Petroleo,
1681 3383 1717 3456 dt
1741 3409 1783 3458 err
1808 3391 1846 3461 iis

330 3483 532 3566 extrahatur,
558 3501 627 3551 tum
652 3498 752 3548 vento
776 3477 957 3567 expostum
982 3473 1192 3544 rarefaslione
1216 3475 1387 3547 ostendere
1411 3479 1566 3569 majorem
1591 3482 1733 3554 calorem
1759 3485 1847 3580 (bu

378 3581 417 3654 ln
440 3577 626 3668 hujusmodi
650 3576 879 3664 experimentis
901 3570 1049 3638 videmus
1069 3591 1167 3657 quam
1190 3571 1291 3641 abditi
1315 3574 1375 3642 sint
1398 3572 1533 3644 Nature
1559 3576 1721 3647 recessus:
1756 3581 1847 3654 Nam

328 3677 469 3751 fluidum
502 3671 680 3743 admodum
711 3667 851 3739 volatile·
878 3666 924 3736 est
962 3668 1048 3756 paris
1085 3665 1202 3735 caloris
1228 3670 1261 3736 in
1286 3667 1420 3740 vasculo
1443 3691 1482 3740 ac
1505 3673 1538 3741 in
1563 3673 1638 3742 aire
1662 3678 1846 3764 ambiente,

329 3774 367 3847 dr
390 3780 424 3843 in
449 3769 728 3840 Thermometro:
760 3784 857 3853 quam
882 3763 927 3834 ob
950 3763 1075 3832 musam
1098 3763 1195 3854 igitur
1217 3763 1387 3834 immissum
1413 3762 1645 3857 &aliquoties
1669 3775 1847 3847 ernastum

325 3872 618 3942 Thermometrum
643 3861 775 3943 fluido,
807 3859 940 3949 quod-d
963 3876 1061 3928 vento
1083 3876 1179 3946 aeque
1204 3859 1329 3930 calente
1360 3863 1582 3953 opprimitur,
1613 3865 1843 3964 refrigeratur?

324 3988 386 4039 eur
410 3966 494 4059 ignis
515 3982 558 4031 ex·
577 3959 679 4029 fluido
702 3956 794 4028 bulbi
815 3955 951 4025 euolat?
982 3976 1022 4025 aa
1053 3952 1163 4044 liquor
1191 3975 1343 4027 extentus
1373 3980 1442 4029 non
1467 3961 1513 4029 ob
1535 3963 1652 4034 vitrum
1678 3966 1847 4058 interposi·

329 4085 396 4135 tum
420 4060 548 4150 operari
572 4054 746 4146 impeditur
765 4055 799 4124 in
821 4051 957 4123 fluidum
978 4052 1165 4120 internum?
1189 4073 1244 4122 aut
1268 4075 1309 4124 an
1335 4056 1417 4149 ignis
1441 4057 1483 4124 in·
1501 4056 1767 4150 volatililiquore
1790 4066 1848 4135 ad·

327 4160 473 4231 haeae
495 4157 584 4252 igni,
611 4155 668 4243 qui
688 4149 734 4221 est
757 4153 791 4221 in
809 4148 912 4219 fluido
935 4147 1050 4230 bulbi,
1076 4166 1112 4215 ut
1136 4149 1214 4240 igne
1235 4169 1376 4221 artemo·
1396 4172 1472 4221 cum
1486 4150 1846 4244 velauri-liquoreum

329 4257 434 4340 lente,
458 4250 766 4323 extrahatur-etiam·
779 4247 863 4341 ignis
888 4247 1029 4315 exterior
1051 4262 1090 4311 ert
1116 4241 1245 4313 bulbo?
1270 4245 1421 4336 Superest
1434 4267 1542 4318 tamen
1557 4246 1747 4332 difficultas,
1771 4258 1847 4342 quia

328 4356 397 4425 Aer
412 4371 515 4440 reque·
526 4346 637 4418 calens
649 4342 864 4437 opprimitur?
889 4339 1059 4436 Quicquid
1076 4338 1136 4421 lit,
1161 4339 1309 4411 nondum
1326 4342 1406 4412 mihi
1418 4344 1597 4433 satisfacio,
1617 4349 1743 4442 magnis
1760 4347 1845 4422 smus

327 4449 411 4540 pulis
444 4444 672 4537 superstitibus.
729 4437 848 4511 Veluti·
873 4459 1017 4531 quoque·
1041 4438 1085 4505 iu
1107 4435 1179 4505 aliis
1210 4439 1466 4529 experimentis,
1498 4444 1534 4511 in
1567 4444 1686 4534 quibus
1708 4466 1846 4543 augetur

326 4547 428 4617 aalo.

372 4568 540 4713 usuram
559 4638 629 4709 htec
650 4637 881 4728 experimenta·
898 4630 929 4731 ς.
952 4633 1065 4723 ιόοτ,
1095 4632 1216 4726 1603,
1247 4634 1368 4729 1604,
1398 4635 1502 4730 1605.
1526 4658 1595 4712 uon
1617 4639 1767 4740 exiguam
1787 4664 1845 4720 cu.

695 4756 697 4764 '
1759 4763 1859 4827 ram,

389 4916 461 4988 ’(ι)
484 4912 604 4992 Journal
618 4912 668 4973 des
682 4911 806 4975 scanne
822 4912 1011 4986 dvrilrrsu.
1028 4929 1092 4990 pag
1112 4928 1180 4988 3³³·
1284 4963 1287 4967 Α

395 4999 436 5075 qi
446 5007 461 5072 )
480 4993 675 5057 Miscellauea
697 4991 867 5071 retrolapsa
885 4990 1406 5167 Mammmmfficffgmgm
1478 5043 1481 5048 .
