4992 6767
594 666 709 769 DE
765 651 1259 762 Mutuonls
1316 672 1666 767 IGNEIS.
1786 710 1897 796 1049

359 875 404 950 est
433 869 479 968 36
503 865 593 968 grad.
620 867 675 948 sed
690 869 785 961 quod
799 869 1002 967 segmentum
1020 888 1182 964 perpetuo
1203 870 1390 962 decrescit,
1417 873 1517 961 Sole,
1544 878 1591 948 uti
1614 897 1729 974 centro
1752 882 1886 972 circuli,

363 977 521 1046 continuo
546 969 649 1061 magis
671 970 838 1065 magisque
863 968 919 1039 sub
943 968 1117 1042 horizonte
1142 969 1369 1044 descendente.
1420 967 1511 1046 Hinc
1542 976 1732 1069 crepuscula
1755 979 1885 1071 vesper·

363 1077 449 1157 tina,
475 1067 510 1140 bt
532 1068 689 1138 matutina
710 1086 859 1156 tempore
883 1066 991 1140 alliso
1017 1066 1104 1160 apud
1130 1089 1192 1140 nos
1215 1072 1393 1143 maximum
1420 1070 1556 1164 spatium
1575 1076 1608 1146 in
1632 1077 1805 1148 horizonte
1827 1099 1886 1148 oc·

362 1190 509 1262 cupant,
541 1169 611 1236 imo
644 1184 809 1256 nunquam
839 1186 880 1234 ex
911 1164 1088 1257 conspectu
1112 1186 1335 1256 evanescunt,
1368 1169 1444 1264 quia
1470 1169 1532 1246 sol
1562 1172 1603 1245 18
1628 1175 1780 1272 gradibus
1805 1174 1887 1247 insta

361 1268 567 1342 horizontem
595 1261 737 1335 nostrum
762 1261 869 1333 aeslue
893 1283 961 1335 non
987 1262 1167 1337 descendit.

411 1393 580 1488 Quoniam
600 1389 790 1482 crepuscula
813 1409 930 1488 magna
954 1390 1080 1487 fulgent
1103 1391 1184 1465 lucis
1205 1393 1370 1482 claritate,
1397 1389 1490 1468 &ad
1503 1395 1705 1472 altitudinem
1736 1400 1777 1474 18
1792 1403 1883 1498 grad.

361 1495 454 1586 supra
474 1490 827 1572 horizontem-nitent,
853 1510 942 1571 non,
966 1510 1021 1558 aut
1043 1491 1094 1584 uix
1122 1491 1263 1564 Aurorae
1283 1496 1396 1567 boreae
1412 1494 1454 1565 ab
1471 1493 1546 1586 ipfis
1558 1495 1710 1594 distingui
1730 1520 1890 1589 poterunt

361 1588 571 1759 eslalteegtuqisr
595 1586 655 1660 stnt
676 1585 766 1678 supra
788 1584 994 1659 horizontem
1021 1585 1174 1676 altiores,
1199 1609 1254 1662 aut
1275 1591 1394 1663 clarius
1414 1594 1553 1682 niteant,
1580 1595 1631 1666 vel
1654 1595 1824 1669 columnas
1849 1619 1883 1668 e·

357 1712 431 1782 Jacu
541 1736 552 1758 .

405 1812 438 1912 ς.
467 1810 870 1886 Mll'ICCCCLXXXll.
902 1810 1032 1885 Lumen
1049 1810 1187 1886 Zodiaci
1205 1815 1259 1887 sua
1280 1814 1423 1887 claritate
1444 1814 1490 1885 est
1517 1815 1670 1886 amulum
1693 1815 1825 1889 luminis
1850 1822 1888 1890 in.

358 1917 408 1986 via
432 1912 553 1990 lactea,
578 1910 742 1995 flavescit,
768 1932 873 2004 prope
895 1911 1100 1984 horizontem
1126 1915 1295 1999 rubescit;
1321 1912 1461 1985 variatur
1485 1912 1518 1980 in
1547 1911 1722 1998 Zodiaco,
1757 1911 1792 1983 ἃ
1825 1938 1883 1989 co·

355 2017 487 2083 miratur
509 2010 645 2088 Solent,
671 2009 747 2080 ideo
768 2031 787 2079 a
809 2008 972 2081 nonnullis
996 2010 1133 2082 habetur
1156 2034 1218 2101 pro
1242 2008 1470 2102 Annosphaera
1488 2007 1596 2081 Solis:
1622 2012 1697 2098 quia
1715 2032 1782 2081 non
1799 2014 1881 2083 mul·

356 2131 424 2179 tum
447 2107 574 2177 excedit
596 2107 728 2195 planum
752 2104 957 2196 Eclipticae,
990 2107 1088 2197 idque
1114 2129 1228 2196 parum
1253 2108 1387 2196 oblique
1409 2108 1515 2196 secat,
1542 2127 1610 2177 non
1631 2105 1755 2198 semper
1777 2111 1885 2180 videri-

352 2204 471 2297 potest,
500 2202 558 2272 nisi
581 2201 653 2292 poll
679 2203 766 2273 Solis
784 2204 936 2271 occasum
962 2203 1018 2272 litb
1038 2201 1135 2273 smem
1152 2205 1299 2292 hyemis,
1327 2202 1362 2273 dt
1381 2207 1415 2273 in
1438 2206 1602 2293 principio
1625 2206 1728 2273 veris:
1753 2206 1805 2276 vel
1822 2229 1880 2278 an·

352 2325 383 2374 te
405 2320 511 2371 ortum
536 2299 623 2369 Solis
645 2302 677 2366 in
703 2316 880 2367 autumno:
906 2318 978 2369 raro
1001 2297 1072 2368 aliis
1095 2303 1171 2371 unni
1197 2299 1400 2392 temporibus
1422 2301 1522 2370 videri
1549 2299 1682 2389 potest,
1709 2305 1785 2391 quia
1809 2325 1880 2374 cre·

349 2398 477 2491 puseuli
495 2396 685 2485 vespertini,
710 2390 744 2462 u
763 2398 910 2467 matutini
928 2395 1054 2468 claritas
1073 2395 1183 2469 lumen
1200 2398 1336 2469 Zodiaei
1353 2395 1522 2481 obscurat,
1547 2395 1610 2467 five
1624 2396 1759 2486 superat.
1785 2398 1881 2471 Con·

349 2498 479 2589 l'picitur
504 2490 626 2576 modo,
657 2492 789 2582 quando
814 2491 876 2566 Sol
900 2494 1097 2585 potisitnum
1124 2499 1209 2566 reela
1233 2496 1289 2566 litb
1320 2494 1493 2567 horizonte
1526 2495 1668 2566 occidit:
1695 2515 1763 2566 tum
1789 2502 1877 2569 enim

348 2613 466 2688 inagna
486 2588 555 2681 ejus
576 2609 649 2677 pars
680 2611 794 2680 parurn
824 2589 960 2681 oblique
991 2592 1085 2684 supra
1112 2594 1318 2666 horizontem
1342 2594 1584 2689 exporrigitur:
1616 2591 1680 2663 hoc
1704 2614 1812 2665 autem
1838 2594 1877 2666 stt

349 2691 405 2761 sub
433 2688 497 2757 fine
523 2684 711 2770 Februarii,
737 2687 777 2762 dc
803 2686 911 2758 mense
939 2687 1084 2775 Martio,
1110 2710 1180 2762 tum
1205 2691 1278 2783 post
1292 2692 1436 2762 medium
1455 2689 1572 2761 rnensrs
1593 2688 1815 2782 Septembris,
1839 2688 1876 2762 δι

347 2792 381 2859 in
408 2785 563 2856 ortubus
587 2787 703 2868 initio,
730 2783 784 2857 sed
807 2787 877 2857 aliis
902 2788 1104 2878 temporibus
1128 2792 1204 2861 anni
1226 2787 1283 2861 Sol
1309 2789 1474 2878 obliquius
1494 2784 1658 2856 adscendit
1690 2787 1782 2880 supra
1815 2789 1876 2860 ho·

348 2890 533 2957 riznntem.
558 2902 614 2952 aut
634 2880 716 2953 infra
738 2904 813 2956 eum
836 2883 1026 2956 descendit:
1059 2904 1128 2957 turn
1154 2886 1266 2958 lumen
1291 2885 1356 2957 ltoc
1388 2885 1525 2955 Zodiaci
1558 2883 1684 2974 semper
1714 2890 1878 2956 comitans·

347 2983 460 3055 Solem
500 2981 595 3050 etiam
627 2978 792 3070 obliquius
815 2980 1014 3055 descendens
1037 2983 1094 3054 sub
1116 2982 1291 3055 horizonte
1314 2981 1474 3053 delitescit
1496 2985 1529 3050 in
1554 2979 1676 3051 lumine
1699 3003 1874 3073 crepuscu-

346 3082 485 3165 lomm,
518 3078 602 3148 adeo
632 3096 668 3147 ut
698 3075 851 3176 dillingui
886 3101 1037 3170 nequeat.
1090 3079 1167 3152 Hoc
1192 3081 1303 3152 lumen
1323 3081 1365 3149 ab
1389 3083 1517 3148 Aurora
1535 3077 1665 3147 lloreali
1688 3076 1783 3150 facile
1808 3081 1873 3151 dis-

346 3183 556 3275 tinguemus,
588 3177 686 3265 quia,
712 3178 845 3266 quando
869 3178 903 3246 in
929 3177 989 3248 hac
1012 3181 1147 3274 regione
1172 3175 1392 3268 conspicitur,
1419 3172 1480 3247 Sol
1500 3172 1622 3244 occidit
1649 3178 1681 3244 in
1709 3198 1786 3249 vero
1811 3200 1878 3248 oc«

343 3276 438 3360 casu,
463 3272 498 3347 dt
523 3275 626 3344 oritur
651 3275 685 3343 in
709 3294 787 3346 veto
813 3294 909 3345 ortu:
946 3276 1083 3347 Aurotte
1109 3296 1218 3347 autem
1243 3273 1359 3345 lloreae
1390 3272 1584 3366 plerumque
1616 3273 1649 3341 in
1684 3271 1779 3368 plaga
1804 3274 1872 3343 Bo·

344 3396 397 3444 reu
428 3392 615 3465 apparent,
650 3391 723 3440 raro
749 3393 852 3461 usque
875 3371 917 3440 ad
934 3373 1106 3460 occasum,
1127 3371 1178 3445 vel
1203 3393 1312 3443 ortum
1336 3369 1565 3442 extenduntur.
1614 3368 1647 3438 Si
1674 3371 1772 3464 igitur
1796 3391 1871 3442 eue-

345 3473 433 3547 nint,
455 3490 489 3537 ut
514 3467 571 3533 sub
599 3466 663 3534 sine
689 3465 878 3543 Februarii,
905 3463 940 3530 dt
965 3470 1074 3534 mense
1098 3468 1224 3534 Martio
1243 3470 1410 3536 uideamus
1437 3466 1547 3535 lumen
1572 3465 1693 3536 clarum
1719 3469 1751 3538 in
1775 3467 1872 3564 plaga

345 3561 539 3634 occidentali
565 3557 641 3628 coeli
668 3578 776 3645 prope
801 3555 1027 3642 horizontem,
1052 3559 1086 3629 id
1105 3581 1174 3630 non
1197 3560 1389 3631 habebimus
1414 3581 1475 3649 pro
1502 3563 1627 3628 Aurora
1653 3562 1785 3646 Borea,
1811 3566 1869 3636 nist

344 3675 526 3741 coruscet,
559 3652 594 3724 ἂ
619 3653 679 3722 alia
705 3655 840 3722 Aurorae
868 3650 983 3725 Boreae
1007 3654 1093 3727 tiana
1120 3657 1218 3727 edat:
1254 3656 1307 3727 sed
1332 3656 1355 3726 st
1379 3654 1482 3727 modo
1503 3656 1575 3744 post
1602 3656 1691 3728 Solis
1718 3658 1870 3731 occasum

345 3758 466 3828 ‹toelum
494 3758 525 3824 in
552 3753 647 3848 plaga
672 3748 865 3820 occidentali
891 3750 1003 3839 claro,
1030 3709 1065 3822 ξι
1091 3753 1268 3844 tranquillo
1297 3752 1420 3824 lumine
1454 3751 1582 3835 luceat,
1608 3753 1642 3823 id
1662 3755 1724 3824 erit
1738 3751 1867 3829 Lumen

346 3854 494 3926 Zocliaci.
545 3850 676 3924 interim
702 3845 736 3917 id
762 3845 871 3918 lumen
896 3851 1042 3920 omnium
1068 3853 1193 3943 optime
1218 3849 1440 3942 conspicitur,
1475 3850 1609 3940 quando
1632 3849 1717 3921 Solis
1739 3851 1867 3945 eclipfis

344 3950 451 4028 totalis
467 3950 518 4024 stt:
531 3946 565 4021 d:
580 3967 623 4018 eo
643 3963 791 4038 tempore
806 3943 1015 4018 metuendum
1032 3969 1099 4020 non
1116 3947 1180 4034 eli,
1205 3969 1246 4020 ne
1264 3970 1339 4021 cum
1358 3949 1487 4021 Aurora
1506 3950 1613 4020 Borea
1636 3947 1865 4024 confundatur.

391 4073 529 4144 Videtur
554 4066 683 4141 Lumen
707 4063 844 4137 Zodiaci
870 4065 1011 4137 aemulari
1040 4068 1173 4139 caudam
1199 4067 1379 4160 Cometae,
1407 4088 1481 4158 quae
1506 4067 1632 4138 constat
1654 4089 1696 4138 ex
1721 4067 1873 4142 anhelitu·

342 4175 488 4263 eorporis
513 4169 664 4241 Cometoe
689 4164 707 4235 d
734 4162 816 4238 Sole
840 4160 1002 4234 calefacti:
1027 4184 1133 4255 partes
1162 4164 1337 4234 anhelitum
1359 4165 1449 4234 illum
1473 4183 1714 4252 componentes
1738 4186 1757 4233 a
1784 4167 1874 4238 Sole

343 4271 482 4342 illullmti
509 4265 639 4341 lucent.
666 4282 703 4333 ut
726 4261 829 4334 videri
853 4283 872 4332 a
897 4262 995 4332 nobis
1020 4280 1157 4351 queant,
1185 4261 1237 4330 sed
1254 4281 1321 4332 non
1336 4261 1468 4336 ardent:
1496 4258 1588 4330 fimili
1605 4260 1707 4330 modo
1732 4281 1772 4332 ex
1800 4263 1866 4336 So·

340 4371 379 4438 lis
402 4385 540 4455 corpore
570 4359 735 4433 anhelitus
759 4362 936 4431 continuus
967 4361 1058 4445 exit,
1092 4363 1148 4449 qui
1179 4357 1268 4431 Solis
1292 4358 1536 4449 amrosphaeram
1563 4357 1752 4444 constituit,
1785 4355 1863 4434 &a

310 4518 314 4526 .
341 4465 420 4536 Sole
443 4462 611 4532 illustratus
637 4463 671 4530 in
696 4458 812 4530 oculos
837 4455 962 4529 nosstos
982 4458 1125 4529 incurrit.
1175 4455 1368 4526 Verofitnile
1392 4456 1459 4543 eli,
1483 4454 1549 4525 hoc
1571 4457 1681 4527 lumen
1700 4455 1765 4528 elle
1790 4480 1862 4553 par·

341 4585 407 4634 tem
431 4556 653 4649 nttnosphaerae
679 4555 830 4640 Soletis,
853 4553 944 4647 cujus
967 4554 1069 4651 figura
1091 4555 1136 4624 est
1154 4553 1369 4627 lerttisonnis:
1404 4557 1479 4646 quia
1505 4551 1565 4627 Sol
1587 4556 1673 4626 circa
1697 4557 1771 4628 asin
1790 4579 1862 4630 nro·

341 4681 453 4747 tetur,
479 4654 514 4726 dc
537 4658 604 4727 axis
631 4654 720 4730 Solis
739 4676 807 4727 non
833 4653 942 4724 insistit
964 4653 1273 4748 perpendiculariter
1295 4656 1395 4746 plano
1418 4652 1617 4743 Eeliptieae,
1649 4654 1860 4749 atmosphaera

341 4808 432 4883 Solis
449 4807 517 4877 non
532 4802 618 4898 jacet
631 4806 665 4875 ln
680 4802 780 4895 plano
797 4800 988 4896 Eclipticae,
1013 4803 1067 4876 sed
1083 4805 1116 4876 id
1131 4806 1215 4876 secat
1232 4802 1288 4875 sub
1306 4804 1427 4902 angulo
1452 4766 1502 4912 J}
1527 4804 1702 4901 graduum:
1718 4824 1860 4894 cumque

341 4956 402 5033 Sol
426 4952 519 5028 imttl
544 4950 856 5047 cumamrosphaera
880 4955 965 5028 circa
988 4955 1063 5028 axin
1087 4954 1190 5051 spatio
1216 4973 1262 5049 25
1288 4954 1414 5038 dietum
1436 4957 1589 5041 verdun,
1614 4954 1660 5024 ob
1684 4955 1767 5023 uires
1783 4969 1859 5114 cestr·

1771 5066 1808 5117 tn
1824 5068 1860 5118 tt·
