4992 6767
777 687 1006 792 ,Η
1150 688 1483 788 IGNE.³
1683 712 1934 828 ‘⁶⁰7

393 939 487 1031 -u'em
512 939 680 1044 ricipiente
700 937 808 1022 vitreo
836 898 979 1065 196-{n
1003 935 1087 1034 poll.
1110 933 1324 1019 Cubicorum
1343 941 1427 1031 fuit,
1450 917 1537 1038 puro
1560 939 1770 1041 &ejusdem
1792 947 1930 1031 caloris:

402 1099 639 1194 Experimenta
656 1115 708 1169 ter
730 1094 867 1187 ‘repetita
882 1087 1026 1163 fuerunt.
1069 1087 1207 1182 Spiritus
1229 1090 1309 1163 Vini
1335 1092 1528 1168 testificatus
1551 1094 1624 1167 nur
1650 1118 1708 1168 au.
1733 1094 1799 1170 ml.
1824 1098 1927 1177 flam.

396 1222 459 1314 maa
479 1219 629 1297 magna,
655 1194 795 1267 halitum
815 1207 962 1284 aqueum
986 1184 1190 1281 exspuente,
1214 1211 1284 1263 nun
1305 1190 1364 1264 nili
1388 1193 1422 1264 in
1446 1194 1622 1285 parietibus
1646 1197 1831 1289 recipientis
1848 1218 1930 1274 cuu-

400 1295 585 1466 spffiffm
602 1378 679 1463 Lini
691 1388 766 1462 arsit
780 1384 921 1464 flamma
933 1403 1050 1476 parva,
1064 1403 1184 1473 parum
1199 1384 1286 1458 fumi
1300 1388 1384 1482 nigri
1398 1388 1584 1477 erudiante,
1597 1409 1749 1481 tempore
1771 1411 1851 1466 110.
1866 1390 1931 1469 ηιξ

414 1562 420 1576 ,
460 1491 575 1582 Adeps
599 1485 846 1562 renuntianda
870 1483 962 1555 ardet
980 1480 1054 1552 laeta
1073 1477 1109 1552 dt
1129 1482 1409 1559 claraflamma:
1434 1487 1574 1560 excinde
1597 1488 1671 1581 post
1698 1489 1757 1562 80.
1781 1487 1847 1565 m‘l
1874 1509 1932 1585 pa-
2057 1580 2060 1583 *
2116 1580 2121 1590 ι

398 1611 485 1665 uum
504 1588 612 1661 firmat
632 1585 765 1659 firmum
789 1601 945 1675 aqueum.
1081 1604 1085 1611 ·

459 1685 574 1777 Adeps
595 1681 726 1758 Anseris
750 1678 878 1767 refusa,
915 1674 1045 1750 incensa
1071 1698 1184 1770 parum
1208 1678 1313 1753 fumat
1331 1677 1458 1754 fumum
1483 1703 1653 1775 aqueum,
1688 1686 1829 1757 extincta
1852 1682 1926 1777 poll
2037 1761 2045 1775 α

397 1801 575 2008 ’90ᾎὲἒῴ
594 1881 711 1953 Anatis
732 1873 861 1964 refusa,
886 1893 1006 1968 parum
1024 1871 1110 1948 firmi
1129 1876 1225 1967 aquei
1247 1872 1403 1968 exspirat,
1428 1874 1502 1962 laeta
1524 1873 1598 1950 anit
1613 1875 1773 1970 damma,
1796 1879 1936 1951 extincta

404 1991 628 2173 yol’iffgtlede
648 2074 797 2147 lrumana
820 2027 906 2144 bene
933 2068 1059 2155 fluida,
1093 2066 1228 2143 flamma
1251 2068 1325 2149 laete
1348 2017 1539 2165 lampadem
1564 2071 1648 2159 alit,
1681 2076 1822 2147 extincta
1846 2092 1935 2145 nunc

401 2168 472 2245 «ml
493 2174 572 2263 48.,
598 2191 684 2243 nunc
711 2190 789 2264 50„
814 2191 904 2240 nunc
930 2184 990 2261 52.
1018 2165 1151 2241 sumum
1171 2189 1316 2259 aqueum
1342 2189 1440 2258 parva
1461 2173 1559 2260 copia
1583 2170 1741 2262 exspirat,
1764 2169 1935 2249 obducea·
2068 2245 2073 2254 s

400 2287 477 2342 tem
501 2268 588 2361 quafi
609 2265 708 2340 halitu
724 2270 863 2360 parietes
879 2265 1027 2356 ejusdem
1041 2286 1225 2356 campanae.
1264 2262 1374 2334 Pallet
1397 2268 1528 2354 optime
1551 2266 1665 2339 servire
1689 2267 1907 2356 lampadibus.

455 2365 583 2438 Oleum
606 2386 759 2455 raparum
784 2363 856 2431 arsrt
875 2360 1018 2430 flamma
1039 2381 1157 2448 parva,
1181 2381 1300 2449 parum
1324 2357 1409 2433 fumi
1425 2362 1507 2457 nigri
1522 2362 1718 2454 exspuente,
1749 2384 1828 2456 170.
1842 2360 1911 2435 ml.

448 2462 588 2534 Oleum
610 2460 771 2530 olivarum
790 2456 862 2526 ariit
885 2455 1026 2528 flamma
1050 2459 1172 2551 exigua
1192 2458 1246 2527 vix
1270 2455 1439 2540 fumante,
1471 2459 1550 2531 128.
1576 2456 1641 2533 ml.

457 2558 582 2629 Oleum
605 2557 699 2625 nucis
721 2552 901 2643 exprellum
922 2553 1012 2624 ardet
1036 2550 1171 2624 flamma
1192 2575 1310 2643 parva,
1335 2576 1448 2646 parum
1472 2554 1640 2643 fumante,
1665 2554 1727 2631 ml.
1758 2579 1842 2652 140.

464 2653 590 2722 Oleum
613 2650 853 2743 amygdalarum
876 2647 1022 2718 dulcium
1042 2650 1136 2718 ardet
1159 2647 1295 2719 flamma
1310 2672 1424 2740 parva,
1453 2674 1567 2742 parum
1577 2653 1742 2738 fumante,
1768 2652 1831 2726 ml.
1854 2674 1934 2725 100.

466 2747 589 2819 Oleum
615 2745 800 2817 llillatitium
826 2742 987 2814 Faeniculi
1011 2744 1102 2814 ardet
1126 2742 1261 2816 flamma
1282 2766 1399 2840 magna
1428 2767 1506 2817 cum
1537 2748 1629 2821 sumu
1656 2753 1836 2824 immodice
1856 2750 1937 2819 den-

409 2847 471 2939 so,
497 2849 612 2939 nigro,
637 2844 699 2930 m”,
715 2860 772 2931 30.
792 2841 842 2911 vel
870 2837 947 2931 37⁸2
966 2842 998 2911 in
1023 2844 1162 2929 repetito
1185 2844 1422 2931 experimento.

460 2940 584 3062 OEeffm
614 2936 855 3008 Terebinthinae
886 2934 978 3006 ardet
1008 2932 1145 3006 flamma
1178 2957 1324 3032 magna,
1359 2959 1435 3009 cum
1460 2940 1564 3013 multo
1587 2942 1681 3015 sumu
1705 2940 1806 3015 denso
1824 2941 1938 3035 nigra:

435 3058 478 3108 ue
498 3058 532 3106 m
552 3087 562 3109 .
581 3058 637 3105 ηε.

403 3060 435 3130 q
459 3133 582 3212 Oleum
607 3129 754 3203 Sassdfras
777 3128 868 3201 ardet
887 3125 1021 3199 flamma
1037 3150 1160 3226 magna
1188 3151 1266 3200 cum
1290 3127 1383 3201 fumo
1409 3128 1532 3216 denso,
1557 3154 1650 3219 atro,
1676 3134 1736 3207 ml.
1761 3151 1820 3227 55.

458 3229 585 3302 Oleum
609 3227 825 3301 Rorismarini
846 3224 902 3296 dat
928 3222 1096 3297 flammam
1119 3247 1270 3320 magnam
1292 3248 1369 3297 cum
1394 3226 1488 3299 fumo
1512 3227 1634 3316 denso,
1659 3253 1750 3316 utro,
1775 3226 1835 3300 ml
1853 3225 1917 3322 82,

461 3328 584 3399 Oleum
610 3325 698 3396 Anisi
720 3325 775 3394 dat
798 3321 960 3394 flammam
984 3344 1135 3417 magnam
1156 3344 1231 3393 cum
1257 3323 1392 3395 modico
1411 3320 1527 3411 sumu,
1552 3324 1615 3398 m”.
1641 3329 1703 3402 62.

456 3425 585 3496 Oleum
609 3422 757 3513 Jltniperi
777 3417 913 3490 flamma
934 3420 1049 3513 flagrat
1071 3440 1187 3512 magna
1204 3441 1286 3490 cum
1312 3422 1447 3491 modico
1481 3422 1573 3494 fumo
1598 3420 1658 3495 ml.
1685 3427 1744 3518 85.

467 3522 591 3591 Oleum
610 3518 751 3588 Piscium
774 3517 865 3585 ardet
891 3514 1025 3587 flamma
1051 3536 1147 3604 parva
1171 3536 1248 3585 cum
1269 3514 1380 3605 aliquo
1403 3517 1495 3588 fumo
1520 3524 1636 3615 nigro,
1662 3527 1719 3591 ni.
1739 3547 1818 3596 110.

463 3617 654 3688 Petroleum
676 3612 767 3682 ardet
789 3611 922 3682 flamma
946 3631 1063 3712 magna
1088 3630 1163 3678 cum
1187 3609 1430 3697 murelum,
1454 3615 1574 3699 denso,
1600 3620 1716 3715 nigro,
1740 3618 1802 3692 ml.
1818 3642 1879 3714 30.

459 3714 590 3784 ‘Oleum
613 3709 723 3778 Tetrae
746 3708 836 3778 ardet
861 3705 994 3778 flamma
1017 3726 1113 3796 parva
1135 3727 1248 3795 parum
1271 3705 1438 3792 fumante,
1463 3709 1524 3784 ml.
1540 3734 1598 3803 30.
1877 3710 1882 3719 ’

468 3809 549 3881 Hoc
574 3806 676 3879 modo
702 3807 811 3875 omnia
838 3802 910 3873 olea
931 3801 966 3873 du
990 3801 1234 3874 inflammabilia
1255 3805 1466 3876 examinanda
1491 3809 1620 3884 restant.

464 3906 579 3975 Veluti
594 3902 634 3973 ad
652 3900 837 3986 flammam,
853 3902 895 3969 ita
914 3919 1048 3990 quoque
1065 3897 1106 3969 ad
1121 3896 1229 3968 lucem
1248 3901 1316 3970 Aer
1327 3921 1562 3995 nonnunquam
1578 3906 1625 3979 est
1638 3909 1848 4000 necessarius,
1865 3934 1936 4005 quo

407 4005 539 4079 =fublato
560 3999 612 4071 vel
637 4000 740 4068 arcito
764 3995 876 4067 lucens
904 3998 1020 4066 amittit
1042 3994 1178 4066 lucem:
1211 3997 1245 4066 id
1267 3997 1391 4068 constat
1415 4002 1449 4070 in
1474 4000 1600 4089 Lacie,
1632 4028 1776 4098 quocum
1801 4007 1934 4100 Dadlyli

415 4102 528 4176 marini
555 4096 666 4167 lucem
697 4096 1044 4165 communicaverunt:
1076 4090 1176 4161 Laere
1208 4092 1293 4163 clare
1321 4093 1445 4164 lucenti
1475 4100 1576 4168 vitrea
1600 4100 1713 4195 lagena
1737 4105 1933 4197 impleatur,

414 4222 489 4290 quae
511 4213 661 4267 accurate
679 4190 868 4275 claudatur,
890 4210 927 4260 ut
945 4188 1030 4260 nihil
1048 4190 1131 4260 airis
1149 4190 1299 4276 supersit,
1322 4187 1392 4259 Lac
1413 4192 1503 4263 brevi
1529 4196 1636 4284 perdit
1659 4197 1796 4282 lucem,
1822 4200 1857 4269 ἃ
1883 4223 1934 4272 ut·

411 4316 546 4387 cunque
576 4287 819 4379 conquallatum
849 4287 956 4359 lucem
987 4306 1056 4356 nun
1086 4305 1278 4376 recuperat:
1310 4283 1429 4360 deinde
1458 4291 1551 4364 aerea
1575 4292 1663 4366 bulla
1687 4294 1936 4378 admittatur&

410 4396 604 4475 misceatur,
630 4386 720 4458 illico
743 4384 813 4459 Lac
836 4382 1068 4476 resplendescit
1093 4381 1113 4477 (
1149 4381 1184 4475 ).

460 4550 502 4647 ς(
517 4541 724 4621 MDCLVl.
750 4541 872 4616 Omnia
896 4562 1073 4615 memorata
1097 4514 1237 4635 corput'a
1256 4542 1385 4618 incensa
1403 4543 1554 4642 &polita
1576 4549 1633 4625 sub
1650 4557 1826 4647 recipiente
1844 4555 1934 4650 lioy.

418 4651 538 4733 leauu,
561 4645 701 4736 amplo,
726 4662 767 4713 ex
791 4663 860 4735 quo
879 4642 953 4719 A‘c’r
974 4640 1184 4734 exantliatur,
1208 4644 1314 4716 multo
1338 4645 1475 4719 celerius
1499 4652 1575 4751 igue
1599 4652 1773 4743 orbantur,
1797 4654 1933 4752 quami

1877 4772 1934 4837 act

411 5034 417 5046 ι
484 4943 546 5039 gr)
569 4944 894 5016 commuuimus.
914 4947 1198 5040 vala-papam.
1245 5051 1281 5155 Q
1426 5035 1430 5040 .

1244 5155 1246 5158 ,
1289 5078 1437 5155 qqq2
