4992 6767
805 665 1549 766 D'E'SONO.
1766 669 1935 800 >¹927

404 897 456 954 ter
478 888 636 948 tremores
663 864 871 941 continuatos
897 864 962 938 sese
985 866 1165 970 brevissimo
1185 888 1335 972 tempore
1351 875 1571 966 excipientes:
1595 872 1633 945 it
1657 892 1812 948 numerus
1829 883 1928 970 repii.

401 975 540 1049 canonis
564 968 635 1040 soni
657 970 692 1038 in
715 962 746 1062 ..B
772 974 808 1033 Ξ
827 985 860 1034 n.
884 966 945 1035 erit
960 967 995 1037 in
1021 962 1050 1035 F
1074 987 1135 1057 pto
1159 968 1225 1040 hoc
1238 971 1312 1041 cusu
1332 989 1376 1046 =
1402 991 1422 1064 5
1447 995 1480 1043 ra
1505 970 1656 1066 adeoque
1670 970 1716 1043 est
1739 991 1807 1043 tota
1822 976 1927 1051 inten-

401 1073 473 1145 fitas
497 1068 566 1140 soni
590 1068 626 1136 in
651 1064 679 1135 B
704 1059 746 1134 ad
770 1059 983 1133 caminia
1008 1074 1082 1142 na<
1103 1061 1168 1136 BB
1192 1067 1232 1137 ad
1260 1063 1364 1160 fine<
1388 1067 1466 1168 FF.

448 1194 482 1295 ς.
508 1184 804 1265 MMCCLVlll..
829 1180 911 1282 Quo
936 1190 1034 1285 igitur
1058 1188 1156 1261 Tuba
1175 1192 1220 1263 est
1234 1192 1292 1263 lon
1316 1195 1385 1280 '0r‚
1410 1185 1646 1269 numerosiores
1668 1194 1739 1267 sunt
1760 1213 1927 1287 repercus-

401 1296 471 1381 sus,
498 1288 663 1390 &flmaJus
684 1284 752 1357 soni
780 1285 1048 1371 incrementum,
1082 1290 1270 1380 poteritque
1293 1215 1391 1364 {nur
1404 1291 1446 1362 ad
1470 1292 1571 1385 majus
1585 1291 1786 1364 intervallum
1808 1312 1926 1384 prove·

400 1395 455 1464 hit
479 1387 571 1484 quod
590 1387 632 1457 ab
646 1382 847 1475 experientia
870 1380 933 1453 fuit
946 1383 1188 1459 contionatum.
1239 1383 1357 1458 Homo
1371 1385 1499 1460 locutus
1522 1411 1580 1479 per
1602 1388 1733 1461 Tabam
1752 1415 1785 1481 4.
1801 1389 1925 1482 pedum

400 1489 443 1561 ad
476 1483 678 1560 interuallum
711 1498 796 1576 500.
828 1477 973 1575 passuum
1006 1477 1286 1578 geometricorum¹
1314 1483 1449 1580 intelligi
1473 1487 1606 1579 potuit:
1637 1485 1725 1556 idem
1749 1484 1822 1558 nsua
1847 1485 1925 1557 tuba

402 1593 525 1759 ι’ό-ξ.
552 1603 636 1725 pta
659 1626 841 1701 melenus
859 1621 921 1698 aar
950 1626 984 1697 tn
1008 1626 1155 1700 annea
1187 1631 1291 1701 1800.
1322 1633 1469 1725 panum
1494 1631 1618 1706 neom.
1642 1653 1702 1724 per
1727 1597 1837 1705 dnm
1864 1643 1929 1722 24:

397 1785 520 1892 pedum
544 1783 676 1853 locutus
697 1773 800 1847 audiri
827 1772 1031 1868 potuitulna
1058 1793 1166 1869 2500.
1192 1775 1299 1869 pallus
1325 1771 1570 1853 Geometric'os.

404 1969 409 1986 ..
450 1917 481 2015 i.
508 1912 765 1998 MMCCLIX.
829 1933 873 2006 uo
895 1910 1005 1984 uitium
1029 1933 1178 2001 apertura
1195 1912 1302 2010 'l'ubae
1318 1912 1415 2005 polilt
1436 1915 1500 1987 eise
1522 1917 1680 2007 amplior,
1704 1922 1927 2014 magisinten·

400 2018 496 2092 detur
517 2016 633 2097 sonus,
658 2009 794 2102 quamsi
845 2012 906 2080 erit
919 2008 1097 2105 angustior:
1123 2009 1157 2078 id
1173 2031 1286 2099 patet,
1302 2010 1324 2079 fi
1341 2016 1487 2102 'capiatur
1502 2011 1618 2083 'subus
1634 2013 1755 2083 ferreus
1772 2015 1927 2085 'seleseo-

400 2117 447 2205 pii
473 2111 687 2201 cylindricus‚
713 2111 801 2198 paris
824 2105 1035 2201 longitudinis
1054 2128 1093 2176 ac
1107 2103 1205 2176 Tuba
1223 2106 1403 2190 stentorea,
1428 2130 1492 2180 vox
1508 2129 1567 2196 per
1582 2107 1928 2196 tubumcylindricum

398 2210 522 2301 prolata
545 2209 598 2278 uix
621 2205 820 2294 intenditur,
846 2224 901 2282 aut
925 2203 966 2272 ad
994 2203 1050 2272 insi
1076 2222 1152 2272 nem
1178 2200 1360 2269 distantiam
1381 2203 1557 2282 audietur,
1592 2225 1666 2290 quae
1690 2203 1855 2274 fortiffima
1877 2203 1928 2296 eil

396 2325 438 2380 err
460 2302 566 2373 Tubae
589 2300 781 2388 amplissimn
802 2303 862 2363 ora
878 2296 1022 2385 egressa,
1101 2295 1142 2360 ad
1161 2295 1268 2362 multo
1283 2295 1384 2384 majus
1396 2295 1599 2366 intervallum
1613 2297 1784 2368 audienda.

402 2441 406 2448 -
452 2399 541 2468 Cum
566 2413 703 2483 quoque
728 2389 899 2458 Tubarum
923 2387 1176 2482 longissimarum
1202 2409 1344 2460 extrema
1364 2411 1515 2483 apertura
1537 2393 1575 2464 lit
1598 2393 1692 2463 valde
1716 2392 1854 2485 ample,
1890 2393 1931 2476 li·¹

398 2516 502 2589 quet,
528 2513 587 2562 cur
612 2489 709 2572 sonus
734 2507 794 2577 per
817 2484 954 2579 longam
979 2483 1187 2575 amplumque
1212 2486 1343 2558 Tubatn
1366 2488 1540 2583 propulsus
1563 2489 1657 2566 valde
1677 2490 1871 2563 intendatur.

447 2636 479 2733 ς.
505 2629 736 2711 MMCCLX.
762 2626 935 2723 Quoniam
957 2629 1043 2697 inter
1064 2631 1204 2718 primum
1233 2627 1348 2700 sonum
1370 2635 1403 2704 in
1431 2632 1529 2704 Tubu
1547 2637 1743 2719 excitatum,
1770 2630 1806 2704 dt
1822 2639 1930 2706 cond.

376 2736 490 2812 ‘nuati
512 2735 583 2809 soni
605 2731 738 2804 ultimos
754 2745 911 2798 tremores
927 2726 1053 2796 averiis
1070 2724 1173 2820 plagis
1191 2724 1312 2795 metalli
1335 2729 1512 2815 productos
1535 2728 1681 2801 notabile
1707 2734 1865 2821 temporis
1878 2734 1928 2802 in-

401 2828 567 2905 teruallum
584 2825 768 2899 intercedit:
794 2824 880 2894 auris
897 2821 1169 2914 primumsonum
1185 2822 1227 2892 ab
1242 2822 1369 2892 ultimis
1384 2822 1581 2918 distinguere
1596 2824 1730 2911 incipit,
1752 2823 1789 2894 bt
1809 2828 1932 2898 ionum

400 2929 458 3000 diu
477 2924 619 3016 protrahi
643 2920 814 3014 intelligit,
847 2917 923 2988 binc
946 2921 1052 2988 oritur
1071 2918 1228 3015 clangor,
1257 2921 1316 3009 qui
1339 2917 1458 3006 efficit,
1479 2940 1517 2990 ut
1532 2918 1628 2991 sonus
1641 2922 1749 2991 minus
1762 2920 1930 2993 distinctus

399 3025 458 3106 dt,
484 3020 520 3090 dt
542 3015 714 3090 internosci
739 3025 902 3101 nequeat,
920 3013 950 3082 'fi
969 3013 1067 3085 sonus
1082 3014 1197 3085 sonum
1222 3014 1373 3085 celeriter
1392 3015 1561 3106 sequatur,
1586 3015 1666 3085 ideo
1684 3038 1755 3089 non
1777 3018 1933 3111 intelligi,

397 3139 454 3192 tur
470 3118 576 3187 oratio
590 3114 736 3185 celeriter
754 3109 968 3200 pronunciata
991 3129 1052 3197 per
1076 3108 1227 3193 Tabam,
1252 3131 1329 3179 cum
1343 3131 1433 3181 mera
1446 3109 1502 3180 fiat
1517 3131 1637 3183 vocum
1650 3113 1761 3182 turbat
1779 3133 1816 3183 ut
1831 3116 1935 3211 igitur

397 3236 463 3289 vox
482 3213 628 3304 distinere
651 3206 849 3302 intelligatur
873 3203 998 3293 prolata
1019 3224 1080 3293 per
1103 3204 1213 3273 tubam
1239 3205 1282 3273 nd
1305 3205 1450 3277 notabile
1464 3206 1689 3293 interuallum,
1712 3227 1869 3299 oportet,
1890 3228 1935 3281 ue

397 3312 485 3390 lente
512 3306 547 3380 ἃ
570 3304 735 3380 articulate
758 3301 913 3393 quaelibet
933 3299 1052 3388 syllaba
1078 3302 1324 3396 pronuncietur.

447 3447 481 3543 ς.
505 3440 757 3519 MMCCLXI.
783 3439 1014 3508 Eiallicitatem
1036 3439 1161 3525 ¹metalli
1180 3439 1356 3527 plurimum
1372 3442 1575 3516 intendendo
1591 3445 1672 3516 sono
1691 3443 1840 3518 conferre
1848 3468 1929 3541 pro·

396 3548 507 3619 batur:
533 3546 626 3631 quia,
644 3538 666 3606 fi
683 3539 771 3607 tubae
786 3533 864 3601 fiant
875 3553 915 3599 ex
932 3553 1015 3612 are,
1033 3532 1083 3598 vel
1097 3550 1255 3623 argento,
1281 3533 1315 3601 dt
1331 3537 1518 3621 metallum,
1535 3538 1614 3607 dum
1629 3538 1879 3627 serrur'nlnattir,¹
1890 3547 1925 3614 in

398 3646 475 3737 igne
493 3637 659 3715 nrbescat,
685 3628 720 3699 dt
735 3625 977 3698 molliusculum
995 3623 1052 3709 fit,
1076 3646 1142 3696 vox
1159 3645 1218 3715 per
1241 3628 1354 3698 tubam
1369 3630 1495 3719 prolata
1509 3632 1563 3701 vix
1579 3632 1703 3702 intensa
1723 3633 1925 3706 observatura

399 3757 511 3811 vetum
535 3730 616 3801 labri
633 3747 704 3797 turn
718 3722 839 3796 malleo
859 3722 994 3793 tundere
1010 3723 1103 3794 tubas
1119 3719 1329 3794 vehementer
1341 3725 1471 3809 solent,
1495 3747 1563 3818 quo
1579 3726 1746 3800 metallum
1767 3728 1804 3798 lit
1820 3730 1931 3802 multo

399 3834 551 3913 tenuius,
568 3824 710 3907 densius,
727 3819 762 3894 dt
778 3842 809 3892 tn
864 3818 1082 3903 selallicum,
1096 3819 1162 3911 jam
1179 3839 1245 3889 uox
1259 3841 1321 3912 per
1336 3823 1429 3894 tubas
1438 3820 1818 3916 plunmumintenditur:
1836 3827 1930 3901 idern

397 3934 434 4003 in
457 3929 562 4000 Tubis
588 3921 734 4005 bellicis,
754 3914 790 3988 &
847 3917 998 3987 enatoriis
1021 3914 1132 3987 locum
1156 3914 1264 3988 habet.
1524 3919 1529 3928 '
1695 3921 1704 3932 '

447 4068 478 4167 ς.
505 4041 771 4138 mmchx'll.
793 4057 849 4134 Ex
862 4057 913 4129 his
928 4058 1051 4130 traditis
1067 4042 1278 4154 intelligitur,
1303 4059 1429 4133 Sonum
1443 4080 1484 4131 ex
1500 4081 1558 4159 ore
1574 4060 1718 4146 hominia
1733 4071 1924 4156 exeuntem,

397 4166 461 4241 esse
482 4166 586 4236 multo
602 4161 797 4233 debiliorem
819 4178 883 4242 eo,
909 4160 966 4248 qui
986 4177 1045 4249 per
1063 4155 1193 4226 Tubam
1209 4154 1421 4246 propellitur,
1446 4159 1604 4249 quantum
1623 4159 1688 4229 oris
1712 4181 1859 4251 apertura
1874 4164 1924 4250 fef

395 4264 510 4433 {reug
533 4267 641 4333 minor
663 4278 811 4351 apertura
836 4253 966 4342 Tubae,
998 4251 1211 4345 multiplicata
1233 4252 1268 4323 in
1290 4273 1461 4326 numerum
1485 4253 1695 4326 restlitionum
1720 4272 1745 4327 a·
1763 4259 1921 4333 lateribus

457 4490 489 4587 ᾗ.
521 4487 802 4562 MMCCLXlll.
833 4487 939 4560 Forte
960 4488 984 4557 fi
1006 4484 1242 4577 partesuuhae
1264 4483 1421 4555 circulum
1441 4481 1507 4556 FF
1537 4489 1775 4579 componentes
1795 4487 1857 4559 lint
1879 4490 1914 4559 in
1957 4530 2022 4579 n„
2068 4535 2071 4580 ἰ

397 4591 583 4662 harmonica
600 4586 744 4658 tensione
760 4606 837 4657 curn
861 4584 929 4657 aliis
952 4588 985 4657 in
1011 4580 1233 4669 E‚D‚C‚'B‚
1256 4582 1352 4654 sonus
1375 4602 1416 4652 ex
1440 4579 1507 4654 FF
1533 4584 1651 4676 exiens·
1666 4585 1728 4653 erit
1750 4581 2015 4673 intersim-tutu

398 4709 492 4764 mur,
516 4686 583 4752 auti
601 4681 814 4776 ¹gratissimus,
841 4682 1107 4754 distinoiffimus:
1133 4680 1261 4754 Contra
1283 4680 1305 4750 fi
1330 4701 1435 4772 partes
1458 4675 1644 4754 memoratae
1668 4701 1736 4753 nor
1760 4682 1820 4754 sint
1842 4664 1978 4755 har-‘¹‘¹
1992 4664 2040 4710 ¹¹⁴

399 4783 561 4860 monicae,
588 4778 684 4847 sonus
710 4780 815 4848 minus
835 4782 1038 4862 intendetur,
1072 4774 1195 4849 &auri
1220 4782 1326 4850 minus
1348 4777 1507 4868 placebit:
1545 4799 1614 4869 quo
1635 4799 1784 4870 apertura
1806 4780 1912 4855 Tubae

397 4878 463 4957 FF
488 4875 533 4949 eil
557 4874 716 4969 amplior,
741 4872 857 4949 Tonua
880 4880 940 4951 erit
965 4878 1113 4976 gratior,
1138 4866 1194 4962 uti*
1210 4876 1337 4971 semper
1353 4874 1599 5068 observatur.··§
1632 4972 1721 5046 ΜΜ
1792 4971 1903 5052 LXIV
