4992 6767
551 662 642 770 pre
948 649 1005 746 ,1)
1086 631 1692 786 bos-Alit&

552 852 636 928 dere
658 866 751 944 aquae
764 850 801 922 in
823 843 994 920 altitudine
1019 841 1110 927 AB,
1133 838 1285 930 adeoque
1297 839 1376 921 air,
1399 835 1456 925 q'ui
1470 831 1517 906 est
1539 833 1573 908 in
1598 830 1712 932 QM²‚
1726 839 1897 933 premitur
1916 857 1939 938 r·
1953 835 2082 925 dunno

550 973 649 1043 aquae
673 949 835 1020 columnis
860 943 967 1034 GO,
999 940 1095 1013 Assz
1127 941 1182 1012 air
1204 940 1248 1006 ita
1272 929 1470 1023 compreffus
1494 951 1536 1004 ex
1557 934 1714 1025 excipulo
1740 934 1830 1033 QM
1854 945 1919 1014 exit
1942 965 2003 1038 per
2029 967 2083 1018 tu-

555 1050 635 1122 bum
657 1044 757 1131 NP,
787 1047 822 1115 in
850 1043 1038 1131 excipuium
1062 1033 1158 1120 KP,
1191 1036 1374 1124 premitque
1394 1050 1512 1120 aquam
1535 1034 1570 1102 in
1595 1031 1661 1102 boc
1686 1037 1873 1126 campulo,
1904 1060 1939 1112 ut
1963 1043 2081 1116 influat

555 1145 591 1217 in
616 1146 733 1216 tubum
758 1139 844 1222 sit,
871 1160 912 1211 ex
943 1139 1051 1227 patina
1070 1133 1293 1214 eminentem,
1308 1147 1406 1217 atque
1425 1128 1473 1198 ia·
1492 1130 1634 1224 egeritur
1657 1149 1744 1222 aque
1766 1137 1808 1205 ab
1833 1135 1928 1208 adris-
1944 1137 2080 1213 destiti*

558 1261 622 1320 tate
648 1244 682 1311 in
710 1238 776 1309 KP
803 1236 844 1305 ad
866 1233 1068 1305 altitudinem
1093 1225 1252 1315 aequalem
1275 1223 1399 1296 duabus
1422 1223 1584 1298 columnis
1608 1221 1690 1297 GO
1712 1236 1747 1308 4
1773 1231 1852 1304 AB.

612 1359 644 1459 §-
679 1355 864 1429 Maielli.
896 1353 935 1423 ln
966 1353 1056 1421 usum
1083 1365 1219 1437 quoque
1245 1359 1380 1416 vocatus
1410 1342 1471 1415 fuit
1493 1346 1552 1417 a'e'r
1576 1348 1609 1417 in
1635 1345 1824 1442 Sciopetis,
1858 1356 1935 1445 quia
1959 1375 2077 1455 magno

557 1455 740 1532 commodo
764 1451 888 1539 semper
911 1444 1140 1536 adpraesens,
1166 1437 1202 1511 dt
1223 1441 1355 1532 quando
1377 1440 1583 1513 vehementer
1599 1449 1846 1538 comprimitur,
1872 1454 2002 1523 incitata
2015 1455 2078 1526 ela·

556 1557 692 1636 ilicitote
714 1549 835 1714 goher
857 1544 962 1636 potest
979 1537 1163 1634 propellere
1184 1539 1305 1610 viribus
1327 1540 1382 1608 rix
1401 1539 1602 1625 minoribus,
1625 1562 1723 1632 quarn
1746 1546 1852 1635 pulvis
1877 1551 2006 1639 pyrius:
2028 1551 2078 1621 di·

556 1648 636 1722 verli
657 1646 717 1715 arti
741 1665 795 1714 ces
818 1637 971 1734 Sclopeta
1002 1637 1212 1718 Psenmatico
1235 1635 1331 1712 variis
1355 1631 1500 1704 iecerunt
1528 1636 1665 1722 modist
1695 1640 1778 1712 inter
1810 1647 1920 1716 omnia
1948 1648 2078 1718 inventa

556 1739 688 1818 excellit
722 1739 912 1832 Sclopetum
943 1735 1058 1811 Kolbii
1091 1753 1111 1802 a
1139 1730 1196 1802 el.
1227 1727 1457 1823 Desagulierio
1485 1731 1697 1822 descriptum.
1745 1734 1804 1807 list
1837 1760 1972 1832 quoque
1997 1742 2079 1812 mibi

554 1843 663 1914 minus
685 1835 720 1910 dt
747 1834 849 1930 majus
871 1834 1055 1928 sclopetum'
1071 1832 1244 1930 inuentum.
1265 1827 1284 1895 d
1304 1825 1437 1917 ¹Joanne
1459 1823 1547 1897 Leur
1571 1832 1705 1926 egregio
1721 1831 1860 1904 artifice:
1886 1837 2079 1928 Sclopetum

555 1940 664 2012 minus
679 1931 808 2030 (vago
824 1923 968 2027 Pistori)
988 1928 1157 2000 exhibetur
1181 1923 1267 1994 Tab.
1286 1919 1369 1992 LV.
1395 1919 1451 2016 sig.
1472 1923 1505 1993 8.
1529 1944 1603 2014 pars
1616 1926 1775 2015 posterior
1797 1931 1868 2001 ΑΒ
1891 1932 1938 2008 eli
1961 1954 2080 2008 catum

556 2054 716 2128 aeneum,
739 2034 774 2104 in
793 2029 887 2122 quod
908 2049 974 2120 ope
996 2024 1119 2096 Antliae
1142 2020 1368 2111 comprimitur
1390 2021 1473 2104 air,
1499 2017 1534 2090 dt
1558 2021 1689 2111 quidem
1714 2043 1799 2094 tante
1823 2030 1948 2118 copia,
1975 2050 2011 2100 ut
2035 2031 2081 2102 ad

555 2121 728 2204 minimum
755 2152 789 2218 4.
812 2125 1017 2214 explosrones
1036 2120 1243 2191 vehementes
1268 2136 1312 2186 eo
1340 2113 1528 2189 efficiantur.
1579 2116 1653 2194 Pars
1674 2119 1739 2192 ΑΒ
1756 2121 1890 2196 oocblea
1905 2129 2082 2196 connecti·

559 2246 613 2308 rur
635 2246 713 2295 curn
739 2240 828 2311 parte
854 2220 1006 2290 auteriori
1028 2211 1133 2298 cn,
1165 2211 1231 2283 sera
1256 2210 1284 2281 F
1306 2212 1429 2282 laxatur
1456 2216 1548 2285 veile
1570 2211 1631 2297 E,
1661 2234 1792 2305 tumque
1826 2218 1914 2290 stilus
1938 2221 2078 2309 pellitur

559 2340 678 2393 contra
700 2307 976 2408 valvulam‚'quae
999 2315 1103 2404 aperit
1122 2330 1227 2401 prope
1251 2309 1284 2382 Δ
1308 2327 1422 2394 cavum
1445 2309 1512 2382 AB
1530 2332 1543 2398 ς
1569 2311 1734 2402 extempio
1757 2312 1818 2384 a'e'r.
1837 2313 1943 2385 evolat
1965 2317 2081 2405 pallio.

501 2475 507 2485 .
561 2438 627 2520 ¹que
671 2415 787 2516 lobum
809 2401 868 2506 per
892 2411 1037 2482 canalem
1062 2403 1151 2480 CD.
1469 2427 1471 2432 ·
1766 2447 1768 2452 ·

406 2535 471 2587 τιι.
485 2537 539 2588 ar.
612 2437 804 2603 Seffopetum
827 2510 929 2601 majus
958 2506 1004 2577 eil
1027 2503 1276 2588 humerarium,
1309 2504 1401 2598 quod
1421 2505 1591 2596 posteriori
1615 2524 1706 2597 parte
1740 2503 1852 2578 Aisc
1877 2504 2001 2597 duplici
2027 2528 2092 2579 ca,

406 2600 501 2671 ΒΜ·
560 2635 630 2695 νο,
663 2629 789 2696 aeneo,
819 2605 1000 2695 cylindrico
1025 2600 1105 2675 AG
1130 2596 1165 2671 dt
1188 2598 1266 2674 CH
1287 2603 1333 2672 est
1358 2602 1573 2700 instrudluut,
1599 2623 1634 2676 ut
1657 2600 1761 2673 multo
1788 2602 1860 2694 plus
1883 2604 1971 2674 a'e'ris
1996 2607 2084 2676 reci·

556 2710 656 2804 piat,
688 2702 765 2776 CD
791 2703 837 2772 est
861 2700 979 2771 canaiis
1001 2719 1109 2769 aeneus
1132 2696 1355 2786 cylindrum,
1388 2701 1422 2769 in
1454 2721 1521 2789 quo
1552 2700 1698 2795 dirigitur
1729 2697 1848 2793 globus
1878 2698 2083 2788 plumbeum,

554 2807 659 2898 utque
681 2797 848 2889 extemplo
870 2797 990 2894 globus
1012 2795 1139 2865 immitti
1164 2790 1278 2884 polilt,
1304 2798 1360 2884 qui
1385 2793 1581 2886 expellatur,
1606 2797 1833 2866 tubus'brevis
1858 2792 1952 2868 KlL
1974 2794 2078 2869 fedius

554 2901 628 2984 est,
659 2894 846 2989 perforatus¹
862 2896 895 2965 in
920 2891 1093 2974 mediol,
1126 2892 1159 2959 in
1180 2887 1271 2980 quod
1299 2891 1358 2962 ae'r
1384 2890 1526 2975 incolam
1551 2889 1696 2987 globum.
1711 2890 1927 2982 erpuliums,
1957 2891 2080 2988 globus,

555 2996 752 3088 injicitur-in
777 2990 826 3075 L;
853 2989 908 3060 hic
932 2989 1028 3059 tubus
1052 2981 1156 3082 globo
1177 3005 1330 3058 oneratus
1351 2989 1519 3058 inmittitur
1545 2991 1626 3078 parti
1651 2988 1772 3058 ultimae
1800 2985 1833 3056 Ο
1858 2987 2013 3079 sclopeti,
2036 2985 2078 3061 dt

427 3105 481 3164 θ’·
553 3091 663 3186 figitur
684 3089 780 3158 obice
813 3087 847 3155 in
868 3083 913 3155 Ο.
963 3082 1041 3154 Sera
1065 3083 1116 3153 est
1132 3079 1228 3167 EF,
1263 3089 1336 3174 quie
1360 3083 1462 3157 laxata
1486 3087 1588 3172 aperit
1613 3084 1684 3156 ililo
1710 3081 1868 3157 valvulam
1893 3105 2000 3178 prope
2022 3087 2082 3176 A,

463 3203 483 3216 ·’
554 3207 614 3278 per
638 3203 736 3274 quatu
759 3181 819 3254 adr
842 3199 1015 3270 erumpens
1038 3182 1170 3250 incurrit
1191 3182 1225 3251 in
1248 3199 1427 3270 aperturam
1454 3177 1490 3265 l,
1515 3172 1661 3270 &pellit
1681 3180 1830 3277 globum.

404 3312 535 3369 mv,
576 3278 655 3351 'Ut
682 3280 738 3348 aer
751 3277 938 3349 contentius
954 3277 987 3345 in
1001 3297 1077 3347 cava
1096 3273 1192 3367 AG,
1219 3273 1291 3346 Cll
1307 3279 1523 3367 imprimunt,
1550 3275 1679 3348 solvitur
1701 3299 1773 3367 pars
1796 3279 1956 3371 posterior
1982 3276 2078 3354 scio·

405 3379 462 3450 xit·
482 3393 521 3434 ¹·-
556 3378 625 3471 peti
649 3372 841 3457 nelle,
875 3395 948 3463 quae
972 3372 1133 3463 perforata
1154 3372 1200 3444 est
1222 3375 1256 3443 in
1284 3373 1363 3459 Mr
1391 3373 1572 3468 adnediitur
1593 3374 1690 3445 antlia
1716 3374 1813 3461 SN,
1847 3374 1938 3469 cujus
1960 3379 2078 3450 embo-

556 3475 608 3546 lus
625 3471 762 3560 articulo
787 3468 1042 3566 Qinilrudlus‚
1072 3469 1185 3544 affixus
1210 3469 1257 3540 est
1284 3468 1381 3544 solo:
1414 3492 1475 3561 per
1503 3469 1648 3540 foramen
1673 3472 1725 3544 Μ
1746 3471 1856 3544 clavus
1881 3471 2078 3548 tmnsmiisus

557 3570 604 3644 eli
626 3567 848 3659 cylindrum,
881 3589 1026 3660 quocum
1056 3565 1259 3640 conneddtui
1284 3587 1359 3638 cunt
1389 3570 1479 3639 veile
1512 3565 1614 3652 RT',
1651 3569 1800 3660 quinque
1820 3571 1924 3662 pedes
1948 3569 2080 3668 longer

553 3669 653 3742 vetus
676 3667 729 3737 hic
750 3670 784 3737 in
809 3663 885 3737 VR
906 3665 1075 3738 articulum
1093 3665 1210 3748 babet,
1235 3685 1305 3754 quo
1326 3663 1518 3734 cohaercscit
1533 3685 1607 3735 cum
1633 3661 1786 3754 fenestra,
1808 3664 1933 3758 priua,
1951 3667 2076 3762 vel'pa·

553 3767 653 3839 riete:
676 3764 718 3833 ad
742 3764 841 3834 vetris
863 3780 1043 3831 extremum
1068 3759 1100 3827 T
1121 3760 1324 3849 applicantur
1348 3779 1493 3852 manus,
1518 3759 1660 3832 elevatur
1684 3763 1782 3833 vetus
1807 3759 1843 3834 δι
1866 3785 1944 3836 cum
1970 3784 2013 3835 eo
2037 3765 2077 3837 li·

416 3915 423 3926 ,
555 3860 624 3932 mul
649 3879 723 3950 pars
750 3855 923 3939 GASN,
948 3874 1018 3925 tum
1042 3854 1212 3941 ambolus,
1236 3857 1293 3944 qui
1320 3854 1444 3926 soloin
1470 3853 1506 3951 Q
1531 3855 1576 3925 cst
1600 3857 1738 3944 affixus,
1771 3857 1902 3930 trabitur
1924 3883 1942 3931 ιι
1968 3861 2081 3935 fundo

554 3957 662 4028 antliae
688 3974 790 4047 usque
812 3953 853 4025 ad
876 3952 939 4038 N;
964 3955 998 4022 in
1024 3943 1149 4022 Antliae’
1165 3972 1280 4044 cavum
1303 3971 1360 4042 per
1384 3951 1530 4024 sommen
1554 3951 1583 4024 P
1607 3956 1785 4050 ingreditur
1804 3955 1884 4041 air,
1918 3973 1987 4028 tum
2013 3959 2076 4030 de·

435 4061 457 4114 »⁸
471 4067 486 4148 ζ
512 4141 517 4148 ¹
553 4057 703 4147 primitur
724 4053 821 4123 vedis
843 4049 951 4133 TR,
978 4045 1093 4120 &adr
1109 4070 1150 4120 ex
1169 4047 1269 4119 antlid
1293 4051 1486 4141 imprimitur
1505 4051 1537 4120 in
1563 4072 1639 4122 caua
1664 4051 1768 4142 AG,
1801 4047 1908 4138 cil,
1936 4055 1972 4124 in
1995 4056 2073 4144 qui·

460 4153 484 4184 ’·
514 4167 517 4172 ’
555 4153 621 4224 bus
641 4151 867 4222 conservatur:
901 4149 968 4218 lroc
1000 4147 1097 4238 padio
1129 4143 1232 4216 homo
1269 4165 1341 4218 toto
1375 4150 1525 4238 corporis
1555 4148 1701 4239 pondere
1726 4148 2082 4239 incumbendovedii„

555 4239 667 4320 adrem
691 4250 830 4319 tantari
856 4245 1040 4336 imprimit,
1073 4263 1111 4314 ut
1131 4241 1251 4340 globus
1273 4243 1384 4336 polleo
1405 4245 1519 4336 aquali
1544 4247 1668 4335 impetu
1693 4247 1871 4341 expellatur
1894 4267 1932 4319 ac
1952 4267 1971 4318 x
1995 4247 2074 4342 pul,

557 4365 634 4436 rere
657 4347 804 4415 nitrator·
821 4339 856 4411 dt
870 4344 968 4412 etiam
991 4361 1112 4438 magno
1137 4361 1213 4411 cum
1230 4344 1356 4432 crepitu
1373 4339 1429 4415 fiir
1449 4341 1606 4433 exploiio.

612 4463 644 4560 i.
681 4463 889 4539 MMCXll.
925 4463 1085 4562 Quisnam
1109 4467 1338 4558 Sciopctorum
1363 4465 1648 4542 Pneumaticomm
1671 4469 1712 4542 su
1731 4473 1904 4558 inventor,
1924 4486 1980 4542 aut
2002 4485 2084 4561 quo

557 4577 706 4656 ternpore
728 4563 788 4632 int
807 4566 957 4648 inventa,
979 4586 1049 4644 non
1066 4564 1210 4638 constat:
1235 4564 1269 4634 in
1290 4559 1538 4656 Gazophylacio
1563 4565 1696 4639 Nobilis
1711 4565 1868 4642 Germani
1883 4569 2085 4644 Schmun

557 4656 743 4760 liujusmodi
765 4657 975 4750 Sclopetum,
1001 4665 1147 4754 quamvis
1168 4659 1344 4732 admodum
1359 4660 1605 4754 imperfedium3
1628 4665 1753 4752 existit,
1777 4669 1948 4740 cuiannus
1968 4684 2086 4760 1474.⁴

556 4755 604 4844 est
627 4752 822 4845 insculptus:
849 4759 880 4828 in
907 4763 1015 4849 primis
1044 4760 1186 4849 sclopeta
1207 4761 1411 4848 pneumatica
1438 4760 1545 4835 seculo
1576 4784 1630 4855 17·
1655 4765 1892 4849 innotuerunt,
1917 4784 1995 4837 cum
2021 4763 2078 4834 ai·

557 4856 603 4925 tis
622 4854 836 4948 proprietates
856 4875 898 4928 ex
917 4859 1144 4948 experimentis
1174 4858 1446 4942 innotescebant:
1469 4862 1513 4958 iu
1545 4857 1654 4954 Gallia
1684 4859 1798 4947 artifex
1825 4864 1962 4940 nomiae
1986 4859 2078 4956 Mae
