4992 6767
723 705 1216 798 ntnrsostts
1273 707 1623 800 arants.
1842 701 1935 828 962

401 927 456 980 tua
482 907 614 990 tedltrs;
652 899 688 976 dt
716 905 793 994 quia
820 905 924 974 nubes
954 901 1161 974 observantur
1194 926 1268 994 400
1291 904 1466 998 hexapedis
1496 906 1591 978 altius
1619 906 1725 979 adbuc
1751 909 1924 1003 suspendi;

401 1012 463 1078 erit
485 1000 633 1074 crasfities
658 1003 800 1096 regionis
823 999 934 1072 nivalis
958 1001 1043 1072 inter
1058 1019 1230 1092 utriunque
1257 1001 1422 1088 limitem,
1445 1003 1489 1076 ad
1505 1005 1677 1076 minimum
1706 1019 1799 1078 tao'o
1824 1008 1924 1082 hera·

400 1104 568 1191 pedarum.
616 1101 649 1172 Si
668 1103 765 1196 igitur
789 1100 822 1169 in
848 1101 981 1194 regione
1009 1097 1151 1168 l‘tnrana
1175 1119 1272 1169 mons
1292 1101 1421 1174 daretur
1433 1100 1540 1172 adhuc
1555 1103 1660 1174 multo
1684 1103 1862 1186 excelsos,
1887 1109 1923 1180 in

399 1221 468 1291 quo
495 1198 589 1270 staret
620 1199 809 1290 Spectator,
835 1194 888 1265 hic
914 1215 1033 1267 zonam
1057 1196 1196 1266 nivalem
1217 1196 1369 1288 videret,
1403 1221 1477 1293 quae
1503 1200 1523 1268 i
1547 1202 1652 1286 terra,
1676 1202 1728 1274 vel
1753 1205 1847 1274 maris
1873 1202 1922 1275 su·

401 1296 536 1389 perficie
550 1300 583 1368 in
607 1295 776 1367 altitudine
802 1315 898 1384 2440
925 1294 1164 1386 bexapedarum
1190 1297 1374 1386 inciperet,
1399 1295 1434 1368 dt
1456 1297 1603 1371 liniretur
1621 1302 1655 1372 in
1672 1301 1839 1372 altitudine
1860 1301 1922 1371 cir·

403 1398 482 1464 citer
508 1417 604 1484 4000
629 1391 899 1482 hexapedarum,
931 1414 999 1462 non
1026 1392 1103 1483 quia
1124 1393 1159 1461 in
1184 1389 1245 1462 hac
1269 1393 1438 1467 altitudine
1468 1399 1689 1468 terminaretur
1720 1395 1855 1494 frigus,
1887 1398 1923 1470 id

402 1494 489 1561 enim
516 1494 548 1562 in
569 1491 680 1584 majori
703 1488 873 1559 altitudine
898 1491 916 1557 a
941 1489 1025 1560 tetra
1054 1487 1230 1574 increscit,
1264 1489 1319 1560 sed
1340 1493 1434 1581 quod
1457 1493 1562 1564 nubes
1585 1516 1652 1565 non
1673 1494 1767 1567 altius
1790 1496 1921 1571 adsccn-

402 1588 509 1672 dunt,
537 1587 629 1679 supra
654 1585 790 1660 nivalem
812 1585 939 1656 Zonam
962 1586 1122 1675 speslator
1143 1605 1301 1677 perpetua
1318 1585 1478 1661 frueretur
1492 1589 1668 1664 serenitate.

453 1712 487 1801 S.
516 1705 800 1782 NlblCCCXlV.
824 1705 973 1777 Vidimus
997 1709 1117 1802 igitur,
1133 1706 1398 1797 Atmosphaeram
1423 1734 1442 1783 a
1471 1709 1583 1786 Terrae
1607 1715 1731 1790 soloin
1752 1719 1925 1790 altumex.

403 1808 533 1901 pansam
551 1831 653 1899 usque
681 1811 722 1877 ad
749 1804 879 1876 ultimos
908 1803 1028 1874 limites
1063 1804 1180 1872 merito
1206 1807 1239 1872 in
1262 1804 1389 1895 aliquot
1416 1807 1517 1877 dividi
1547 1817 1729 1904 regiones,
1771 1819 1848 1886 varii
1871 1837 1927 1887 ca·

402 1909 508 1988 lotis,
535 1903 570 1976 δι
595 1907 752 2000 frigoris,
777 1902 966 1986 denfitatia,
996 1900 1143 1990 putitatis
1168 1895 1258 1970 &c.:
1291 1904 1454 1995 anigitur
1480 1908 1612 1975 evenire
1635 1914 1768 1998 nequit,
1794 1932 1829 1982 ut
1850 1925 1925 2004 pm

403 2005 551 2095 quaedam
583 2002 718 2095 alicujus
747 1999 889 2093 regionis
911 1997 1081 2087 superioris
1105 1994 1278 2066 descendat
1300 2001 1334 2068 in
1358 1997 1583 2085 inferiorem,
1617 2022 1673 2073 aut
1700 2004 1833 2077 inferior
1859 2008 1925 2081 suf.

402 2102 470 2173 sum
495 2099 685 2180 adscendat,
709 2116 767 2165 tut
790 2094 845 2164 siat
868 2097 901 2164 in
925 2090 1078 2163 descensu
1104 2088 1461 2179 superioris-misturae

448 2196 524 2268 Hoc
548 2216 616 2264 nun
642 2213 765 2266 tantuna
789 2191 859 2261 sieri
889 2190 1022 2282 potest,
1055 2185 1110 2254 scd
1136 2205 1244 2253 revera
1267 2189 1453 2280 contingit:
1485 2209 1561 2259 nam
1586 2190 1688 2263 Anno
1718 2215 1811 2288 ¹757
1835 2187 1926 2291 Junii'

401 2313 475 2366 120.
499 2289 621 2362 coelum
644 2291 772 2360 calebat
795 2289 930 2351 meridie
952 2281 1054 2374 gradu
1082 2296 1142 2367 7¹·
1181 2276 1319 2366 spirabat
1345 2280 1497 2370 Aquilo,
1525 2282 1581 2353 sed
1604 2285 1704 2356 lenis:
1731 2293 1804 2379 post
1831 2299 1928 2366 meri.

397 2393 485 2463 diem
510 2387 591 2453 bora
619 2387 752 2472 quinta,
779 2375 814 2446 dt
832 2377 955 2447 ¹deinde
984 2373 1146 2464 vesperam
1174 2371 1281 2446 versus
1312 2375 1517 2467 inopinatum
1550 2379 1706 2455 obortum
1728 2383 1775 2455 est
1797 2384 1929 2483 siigus,

398 2481 614 2558 descendente
639 2477 896 2548 Thermometro
913 2474 954 2543 ad
979 2470 1114 2570 gradum
1141 2489 1218 2564 57,
1244 2493 1312 2543 non
1332 2493 1459 2546 mutato
1479 2495 1609 2563 vento,
1643 2502 1705 2553 nec
1722 2482 1926 2580 insurgente,

399 2583 499 2670 idque
521 2580 618 2646 etiam
640 2573 809 2664 UltraJetti
832 2570 1062 2655 observatum,
1094 2591 1163 2640 non
1186 2589 1265 2641 vero
1288 2572 1456 2643 auditione
1478 2577 1611 2666 percepi
1637 2577 1728 2650 ullibi
1751 2580 1855 2653 iube
1892 2585 1928 2657 io

401 2673 525 2748 tortasse
549 2695 593 2743 eo
619 2691 792 2762 tempore:
822 2671 842 2743 Ξ
868 2673 902 2740 in
927 2667 1119 2738 Rarometro
1143 2663 1376 2738 adscenderat:
1413 2691 1490 2741 cum
1516 2673 1614 2765 igitur
1639 2676 1728 2746 nulla
1756 2583 1927 2753 causassri·

399 2774 497 2870 gotis.
513 2769 632 2842 exstitit
654 2789 760 2861 prope
780 2765 913 2848 solum,
939 2763 1065 2835 necesse
1091 2761 1158 2846 est,
1184 2782 1220 2834 ut
1246 2784 1320 2854 pars
1346 2767 1494 2854 quaedam
1520 2767 1692 2858 superioris
1716 2773 1927 2867 Atmosphae·

400 2892 445 2942 tae
472 2865 507 2940 ἃ
531 2865 677 2962 frigentis
699 2915 712 2948 ,
738 2862 938 2936 descenderit
961 2865 995 2934 in
1018 2857 1226 2948 inferiorem,
1252 2857 1289 2931 ἃ
1311 2862 1450 2934 mixtura
1464 2860 1636 2934 sasiacum
1653 2867 1800 2942 calidiori
1815 2874 1932 2956 aslum

400 2965 549 3038 celeriter
574 2962 810 3054 temperaverit.
1415 2999 1418 3004 -

446 3101 478 3201 s.
506 3099 773 3188 MMCCCXV.
799 3099 955 3172 Meteora
980 3100 1158 3172 commode
1183 3100 1283 3174 dividi
1304 3100 1439 3194 possunt
1455 3103 1490 3172 in
1512 3104 1571 3173 tria
1586 3121 1734 3198 genera,
1758 3131 1831 3202 quae
1854 3113 1936 3191 sunt

396 3200 514 3292 Aquea
533 3253 546 3287 ,
573 3202 692 3299 Ignea,
710 3199 745 3270 dt
762 3201 877 3268 Aenea.

450 3320 498 3369 ιο.
522 3299 639 3390 Aquea
666 3295 738 3368 sunt
761 3294 921 3382 Nebula,
948 3293 1088 3380 Nubes,
1114 3293 1218 3381 Ros,
1251 3295 1391 3383 Pluvia,
1424 3293 1544 3366 Pruina
1568 3344 1581 3382 ,
1612 3297 1712 3385 Nix,
1750 3299 1931 3398 Grando,

398 3396 514 3467 Turbo
535 3448 546 3481 ,
574 3420 608 3560 g,
622 3395 742 3485 quibus
769 3392 916 3483 pendent
940 3391 1134 3483 Emphatica
1157 3394 1269 3484 diua,
1301 3399 1349 3466 uti
1381 3393 1469 3478 Iris,
1502 3391 1620 3483 Halo,
1661 3397 1832 3489 Parbelii,
1862 3400 1928 3476 Pa.

400 3494 550 3567 raselenae
610 3513 640 3559 c.

454 3602 503 3656 20.
530 3587 630 3677 lgnta
653 3583 747 3662 sunt,
769 3577 804 3646 δι
827 3581 990 3664 lucentia,
1017 3582 1114 3674 lgnes
1137 3583 1259 3663 borel,
1288 3605 1364 3650 cum
1390 3587 1485 3652 variis
1509 3585 1709 3671 speciebus:
1741 3592 1839 3663 stellae
1869 3566 1929 3668 ca2

402 3684 537 3763 dentes,
565 3673 777 3773 lgnessatui,
804 3696 871 3744 non
897 3696 1054 3756 urentes,
1088 3676 1183 3772 Ignes
1204 3673 1463 3766 inflammantes,
1496 3679 1592 3776 lgnes
1617 3679 1830 3776 lambentes,
1855 3690 1931 3764 Bc·
2049 3683 2055 3694 ¹

402 3780 472 3859 lis,
499 3777 648 3872 Fulget,
674 3771 841 3855 Fulmen,
866 3770 1008 3844 'sonitru
1032 3769 1098 3843 &c
1754 3767 1778 3832 '.
1918 3765 1923 3774 ’

456 3895 506 3964 30.
534 3875 638 3944 Aerea
663 3869 733 3942 sunt
758 3867 880 3953 Venti,
905 3868 1069 3941 Turbines
1093 3871 1230 3944 ventosi.

452 3969 529 4046 Hoc
549 3967 664 4041 ordine
687 3965 842 4040 Meteone
870 3967 1008 4040 breviter
1032 3987 1207 4062 exponam.
